4984 5908
1197 385 1215 462 i

1104 497 1304 508 ——u—-u—sn

1143 613 1210 692 Vs.
1240 617 1274 689 1.

431 741 534 816 Malui
556 770 628 814 cum
651 741 798 835 Bergkio
820 747 990 816 Aeolicum
1013 747 1073 838 ᾠάι
1102 749 1215 840 (Diall.
1239 749 1265 833 I,
1290 749 1343 838 17)
1367 767 1463 834 quam
1492 771 1566 816 oum
1589 745 1650 816 Tb.
1673 740 1856 814 Fritzsclrio
1879 745 2014 834 uulgare
2038 747 2109 815 alei

307 876 479 942 reponere,
509 861 577 916 tum
608 851 695 940 quod
733 847 812 917 illud
843 876 862 918 a
888 853 1008 920 tradito
1041 857 1094 920 καὶ
1128 852 1238 941 paullo
1270 852 1404 938 propius
1432 843 1548 937 abest,
1585 859 1652 918 tum
1686 851 1774 938 qnod
1801 857 1931 940 poetam
1965 853 2106 918 rariores

208 1033 215 1040 ‚
306 959 427 1024 formae
450 963 484 1022 et
516 975 615 1022 voces
639 951 794 1020 Aeolicas
816 952 967 1044 captasse
991 965 1137 1046 apparet.

1142 1163 1210 1246 Vs.
1236 1141 1282 1242 2}

431 1301 534 1368 Recte
562 1297 623 1372 Th,
644 1295 845 1366 Fritascbius
873 1299 969 1379 vidit,
996 1307 1183 1391 τεταρταῖος
1210 1321 1276 1366 non
1303 1321 1377 1364 esse
1403 1298 1590 1381 Aeolicum,
1624 1295 1810 1386 quanquam
1837 1297 1925 1385 quod
1951 1297 2108 1364 Doricam
2199 1325 2201 1330 ·

309 1428 378 1472 eam
406 1404 542 1469 formam
570 1401 654 1466 dixit
680 1401 722 1466 ad
748 1403 874 1491 τέτορες
901 1400 1013 1491 (Diall.
1035 1401 1077 1485 ll,
1100 1402 1176 1490 279)
1205 1403 1431 1490 pertinentem,
1459 1403 1566 1468 minus
1594 1409 1689 1468 cauto
1717 1403 1795 1488 egit.
1842 1401 1927 1465 Nam
1948 1399 2107 1466 Doricum
2143 1465 2155 1490 ⁵

308 1508 452 1575 ordinale
473 1505 621 1590 τέταρτος
646 1525 807 1590 nusquam
833 1503 902 1591 legi
927 1503 1058 1571 videtur
1083 1527 1191 1592 neque
1218 1504 1283 1571 alia
1311 1507 1382 1595 ejus
1410 1506 1515 1572 forma
1534 1505 1660 1570 Dorica
1679 1503 1817 1591 reperiri
1840 1525 1936 1590 quam
1958 1505 2108 1590 τέταρτος

308 1611 420 1701 (Diall.
442 1607 487 1692 Il,
508 1609 596 1695 281),
622 1607 730 1693 idque,
752 1609 852 1674 etiam
877 1609 911 1677 iu
932 1607 1132 1678 Tabularum
1159 1607 1431 1676 Heracleeneiurn
1457 1609 1566 1696 priora
1592 1607 1686 1676 144.
1710 1608 1780 1677 16⁴.
1804 1608 1874 1689 184,
1904 1627 1989 1693 quae
2019 1616 2055 1671 ut
2075 1609 2109 1670 in

307 1714 441 1800 reliquie
473 1711 635 1800 puriorem
663 1707 822 1786 Doridem
855 1708 1000 1796 exbibet,
1034 1711 1079 1778 ita
1106 1713 1212 1798 quarti
1239 1711 1414 1778 cardinalis
1440 1711 1561 1778 nullam
1593 1711 1732 1776 formam
1758 1707 1859 1776 habet
1884 1709 1947 1774 nisi
1973 1710 2108 1796 τέτόρες.

307 1816 467 1904 conseras
490 1810 709 1903 quodAttbis
731 1820 765 1878 et
784 1811 838 1881 Ias
861 1811 976 1878 eodem
994 1815 1155 1904 τέταρτος
1181 1823 1324 1898 utuntur,
1351 1814 1460 1901 neque
1482 1814 1673 1900 ατέαααρες
1695 1820 1729 1878 et
1754 1809 1899 1898 τέααερες
1921 1810 2110 1880 derivarunt

306 1921 479 2008 rinoceros
501 1925 535 1984 et
555 1916 730 2003 τέααερτας.
773 1915 827 1982 De
848 1915 985 1985 Aeolica
1008 1915 1146 1984 ordinali
1169 1927 1283 2008 quarto
1305 1919 1471 1982 nonsatis
1494 1925 1632 1986 constat.
1668 1915 1809 2003 Propter
1830 1913 2007 1981 cardinale
2018 1915 2109 1980 τέαν-

308 2021 494 2116 ρες(1)1α11.
516 2020 619 2102 1,40.
642 2017 693 2087 79.
714 2017 757 2100 Il,
778 2019 857 2104 581)
885 2022 1113 2106 expectaveris
1141 2021 1312 2107 τέααρτος;
1341 2028 1484 2086 attamen
1513 2019 1671 2088 credibile
1695 2027 1808 2084 estne
1831 2016 1953 2084 Aeoles
1976 2016 2107 2104 quidem
2165 2035 2173 2048 ’

308 2124 451 2192 ordinale
473 2145 494 2193 a
515 2144 575 2191 sua
595 2120 768 2188 cardinalis
790 2122 895 2188 forma
915 2122 1095 2208 derivasse,
1119 2131 1153 2189 et
1173 2145 1285 2190 veram
1307 2123 1393 2188 illius
1415 2123 1552 2190 formam
1574 2124 1608 2188 in
1630 2121 1875 2208 corruptissimo
1896 2119 2033 2185 «loannis
2049 2118 2108 2187 Gr.

254 2285 263 2304 ,
306 2234 484 2316 praecepto
513 2223 625 2292 latere.
677 2223 743 2304 Qui
771 2245 868 2310 quum
898 2225 984 2290 inter
1014 2227 1166 2313 exempla
1186 2227 1315 2294 Aeolici
1336 2249 1360 2293 τ
1380 2249 1440 2314 pro
1461 2249 1480 2292 τ
1501 2227 1558 2296 fol.
1579 2226 1657 2292 aad
1686 2223 1834 2312 proferat
1861 2223 2036 2311 τέτραπται
2057 2223 2109 2288 τέ-

307 2353 460 2422 τραπται,
482 2349 566 2416 quae
588 2349 633 2394 ex
653 2327 789 2416 τέτρατᾳ
810 2327 952 2418 τετράτᾳ
974 2339 1128 2418 corrupte
1149 2349 1223 2396 esse
1246 2329 1323 2395 olim
1344 2332 1530 2418 suspicatus
1553 2351 1642 2395 eram
1663 2326 1763 2394 Diall.
1785 2326 1811 2408 I,
1826 2325 1869 2390 40
1889 2333 1956 2394 not.
1971 2325 2000 2409 2,
2022 2347 2108 2390 nuno

307 2434 405 2500 video
426 2433 467 2497 Η.
491 2429 694 2516 Stephanum
715 2431 750 2495 in
771 2429 965 2516 Appendioe
988 2431 1203 2520 Thesaurip.
1218 2433 1355 2503 ested.
1377 2431 1452 2501 Par.
1474 2431 1635 2520 praebere
1656 2431 1807 2520 τέτραται
1829 2429 1990 2515 τέτραται
2022 2425 2109 2493 Melo

307 2547 416 2603 autem
443 2537 513 2623 jam
540 2534 705 2620 corrigere
733 2533 883 2620 τέτρατος
909 2535 1072 2625 τέτρατος,
1107 2555 1189 2621 quae
1217 2537 1353 2601 mutatio
1382 2537 1422 2600 in‘
1442 2535 1625 2601 miserrima
1652 2531 1727 2599 libri
1755 2531 1895 2598 Jcannei
1924 2529 2108 2597 conditione

307 2641 437 2708 minime
459 2637 554 2702 nimis
577 2635 686 2701 audax
708 2644 767 2700 est.
811 2635 884 2701 Ηοο
907 2657 986 2702 τοτα
1008 2639 1114 2724 ipsum
1137 2639 1292 2728 τέτρατος
1322 2639 1547 2725 antiquissima
1569 2637 1640 2726 ejus
1662 2635 1754 2701 vocis
1777 2635 1882 2700 forma
1903 2633 2033 2700 Graeca
2054 2629 2108 2699 ha-

307 2739 418 2807 benda
439 2747 499 2807 est.
541 2738 626 2804 Nam
648 2747 684 2803 ut
704 2735 728 2804 τ’
748 2738 871 2804 initiale
899 2741 1062 2826 antiquius
1086 2761 1182 2826 quam
1203 2759 1231 2818 τ,
1252 2741 1299 2806 ita
1319 2741 1469 2832 τέταρτος
1491 2764 1510 2808 e
1531 2741 1683 2829 τέτρατος
1710 2737 1964 2825 transpositione
1981 2735 2108 2802 tactum

307 2853 368 2928 est,
390 2865 455 2908 non
477 2842 539 2908 boc
562 2861 606 2907 ex
627 2839 692 2926 illo,
714 2850 751 2904 nt
772 2841 872 2928 vulgo
889 2841 1049 2929 judicant.
1085 2841 1283 2930 Intelligitur
1304 2841 1367 2909 hoc
1388 2841 1465 2910 inde
1489 2843 1577 2930 quod
1597 2843 1631 2908 in
1652 2843 1802 2927 τέταρτος
1819 2835 1943 2904 nullum
1958 2847 2109 2926 superest

307 2947 464 3012 indicium
496 2944 652 3032 digammi
682 2941 757 3008 olim
784 2951 861 3030 post
893 2943 1031 3010 alterum
1057 2965 1077 3011 τ
1102 2946 1202 3033 positi
1229 2945 1358 3034 (quarti
1383 2947 1559 3014 numeralis
1587 2945 1814 3036 antiquissima
1839 2943 1945 3007 forma
1971 2941 2110 3008 Ιαααέοαν

306 3049 458 3137 ponenda
479 3055 555 3136 est),
577 3045 673 3134 quale
694 3047 729 3110 in
748 3047 909 3133 τέαααρες,
929 3050 1073 3138 τέααερες
1095 3057 1128 3115 et
1142 3049 1257 3117 Boeot
1280 3051 1431 3140 τέτταρες
1453 3070 1598 3116 οοαεοαιι
1618 3048 1784 3135 geminata
1798 3043 1945 3133 praebet,
1967 3045 1999 3110 in
2014 3045 2109 3115 Aeol.

308 3154 439 3240 τέαορες
467 3160 501 3216 et
520 3151 602 3216 Dor.
624 3151 749 3239 τέτορες
774 3150 898 3216 vocalis
927 3150 1021 3218 ovel
1043 3175 1062 3217 α
1084 3173 1127 3216 ex
1152 3175 1195 3215 vc
1222 3159 1400 3222 contracta.
1449 3153 1606 3242 Τέτρατας
1634 3172 1715 3216 vero
1744 3148 1786 3214 ab
1817 3147 1933 3214 eadem
1960 3157 2111 3235 correpta
2182 3199 2187 3207 .
2288 3165 2291 3172 “

307 3258 411 3322 forme
437 3254 619 3341 profectum
647 3261 706 3336 est,
737 3273 823 3338 quae
844 3254 878 3317 in
900 3255 1089 3341 compositis
1112 3273 1186 3318 cum
1208 3277 1319 3346 τετρα-
1346 3255 1556 3342 conspicitur,
1586 3261 1657 3318 orta
1677 3251 1733 3318 illa
1755 3273 1799 3318 ex
1819 3259 1941 3341 scrip.
1984 3249 2059 3317 Jam
2081 3252 2110 3316 si

309 3359 465 3448 τέτρατος
485 3354 657 3421 Aeolicum
685 3363 744 3438 est,
772 3354 849 3419 licet
878 3357 975 3421 etiam
1002 3353 1044 3420 de
1072 3355 1177 3420 sonna
1203 3358 1356 3445 τέτρατος
1383 3357 1553 3446 suspicari,
1583 3365 1620 3421 ut
1647 3353 1789 3421 Balbilla
1813 3353 1848 3418 in
1868 3353 2014 3420 Aeolicis
2043 3353 2110 3442 epi·

309 3461 497 3547 grammatis
518 3458 628 3545 posuit
649 3458 778 3534 δέκατος
799 3457 912 3546 (Diall.
934 3458 1087 3548 11,582),
1114 3467 1182 3522 tum
1205 3460 1246 3524 de
1268 3461 1430 3551 τέταρτος,
1457 3471 1493 3525 nt
1520 3453 1671 3546 τέταρτος
1692 3481 1710 3524 ε
1732 3458 1884 3547 τέτρατος
1904 3457 2026 3522 factum
2049 3465 2109 3542 est,

308 3563 449 3650 denique
472 3561 513 3627 de
536 3569 725 3650 τεταρταῖος
755 3559 830 3625 huic
861 3559 996 3626 carmini
1022 3559 1232 3630 restituendo.
1281 3563 1376 3629 Adeo
1407 3565 1516 3650 ipsum
1542 3568 1727 3651 τεταρταῖος
1755 3567 1910 3648 tanquam
1937 3557 2109 3625 Aeolicum

309 3665 426 3753 aliquis
449 3685 490 3730 eo
510 3649 603 3729 tueri
617 3673 762 3748 conetur,
791 3663 878 3750 quod
899 3663 1041 3730 Alcaeus
1064 3664 1103 3732 fr.
1128 3665 1187 3732 153
1208 3667 1431 3756 τετραβαρήον
1452 3665 1581 3748 dixerit,
1610 3685 1677 3728 non
1698 3683 1805 3752 τετρ-.
1847 3662 2008 3727 initiatam
2030 3681 2109 3729 sane

307 3768 448 3834 litteram
469 3789 488 3832 τ
509 3768 542 3830 in
565 3785 604 3830 ea
625 3787 707 3833 voce
730 3767 810 3830 eatis
831 3774 940 3831 tuetur
962 3765 1123 3852 Heeycbii
1144 3765 1265 3852 glossa,
1297 3767 1470 3858 quaillud
1498 3768 1716 3856 fragmentum
1740 3765 1937 3830 continetur:
1959 3785 2109 3853 τετρα·

308 3870 466 3958 βαρήων
487 3872 664 3936 πλίνθων
685 3871 753 3932 καὶ
773 3869 974 3952 τάγματα·
993 3867 1154 3944 Ἀλκαῖος.
1191 3868 1307 3956 Neque
1329 3881 1436 3936 temen
1452 3871 1507 3938 vel
1523 3871 1698 3936 dialectum
1712 3867 1767 3934 vel
1788 3875 1920 3954 po'etam
1941 3867 1974 3932 in
1989 3865 2109 3933 talibus

305 3973 453 4039 variasse
480 3980 546 4036 tam
578 3969 644 4035 levi
665 3971 850 4035 testimonio
872 3969 1078 4054 crediderim,
1107 3970 1167 4036 sed
1194 3993 1293 4060 quum
1319 3974 1451 4040 nomina
1472 3973 1622 4048 Ἀλκαῖος
1651 3980 1684 4038 et
1700 3967 1841 4052 Ἀλκμάν
1862 3967 1916 4035 vel
1931 3967 2111 4052 Ἀλκμαίων

306 4073 394 4140 baud
415 4093 489 4138 raro
511 4081 694 4160 permutata
716 4077 781 4138 sint
802 4073 882 4164 (vid.
904 4073 1008 4138 Alcml
1032 4075 1102 4138 115.
1126 4073 1196 4157 130,
1218 4072 1291 4143 Alc.
1314 4076 1365 4140 62.
1390 4077 1458 4144 115.
1481 4077 1551 4142 128.
1576 4075 1645 4140 143.
1669 4073 1730 4139 154
1759 4081 1792 4140 et
1813 4071 1960 4159 Hesycb.
1983 4073 2014 4141 s.'
2031 4072 2110 4157 ἀμη-

306 4179 397 4254 νίτως
424 4175 566 4266 subm),
599 4171 654 4240 illa
686 4175 789 4241 verba
820 4173 863 4272 ad
883 4175 1075 4246 Alcmanem
1108 4197 1265 4244 revocare
1298 4179 1383 4244 malo
1402 4181 1439 4269 ²).
1475 4166 1601 4260 'Quum
1634 4177 1735 4263 igitur
1765 4183 1951 4265 τεταρταῖος
1977 4176 2109 4249 dialecti

306 4279 436 4345 nomine
459 4289 647 4366 suspectum
669 4278 721 4361 sit,
743 4279 834 4344 vocis
857 4273 1020 4346 sententia
1041 4277 1278 4346 dubitationem
1300 4291 1410 4368 auget,
1454 4283 1556 4348 Amor
1583 4280 1668 4346 enirn
1691 4280 1784 4366 pueri
1805 4287 2013 4366 comparatur
2034 4301 2108 4345 curn

309 4381 392 4450 febri
421 4381 665 4464 intermittente,
699 4403 784 4467 quae
811 4382 840 4451 si
869 4391 1029 4468 quartana
1058 4381 1209 4472 (πυρετὸς
1236 4388 1438 4472 τεταρταῖος)
1467 4383 1595 4468 dieitur,
1624 4381 1825 4468 significatur
1851 4390 2029 4448 amatorem
2050 4403 2112 4468 per

287 4730 294 4746 ,
419 4675 446 4742 2)
465 4675 598 4743 Bergtius
618 4675 661 4726 ed.
671 4675 714 4728 111
734 4674 821 4726 edidit
838 4673 955 4730 τλένθινν
973 4669 1163 4748 τετραβαρήαν
1180 4671 1247 4730 κατὰ
1264 4671 1392 4746 τάγματα,
1411 4676 1459 4728 sed
1479 4675 1769 4744 prsetersaprcposuit
1781 4669 1967 4745 sacudeonis
1982 4679 2018 4736 st,
2037 4672 2109 4740 quod

309 4763 432 4833 praefert,
450 4761 639 4841 τετραμαρήεαν
657 4767 816 4831 (litterarum
834 4769 903 4820 serie
922 4769 994 4836 apud
1012 4769 1177 4834 Hesychiunr
1196 4771 1376 4837 repugnante)
1395 4786 1427 4812 ε
1448 4763 1629 4839 τατραδεέρον.
1662 4767 1722 4833 Ego
1737 4766 1793 4831 jam
1813 4767 1963 4834 scripserim
1980 4761 2110 4836 τεεραβα-

308 4853 377 4928 ρηᾶν
388 4851 395 4926 Ι
407 4853 524 4912 πλίνθον
541 4854 589 4914 κὰτ
607 4853 735 4930 τάγματα,
754 4875 819 4927 „per
837 4859 951 4920 ordines¹
963 4862 1133 4928 pergrerium
1151 4861 1293 4914 laterum¹‘.
1329 4861 1499 4914 Famiainnm
1516 4852 1687 4930 τετραβὰρηα
1706 4857 1746 4922 (at
1757 4852 1945 4928 χαλκοβάρεια)
1958 4857 2026 4908 bene
2039 4873 2110 4910 eon-

308 4950 383 5000 voait
399 4947 537 5002 Alcmanis
562 4953 688 5016 dialecto,
712 4946 1028 5024 εέ.11ααιχείρηεεέτ.22
1053 4959 1081 5004 et
1103 4952 1186 5006 Diali.
1204 4955 1243 5016 11,
1264 4953 1325 5004 163.
1364 4952 1418 5004 Gur
1442 4951 1576 5016 Berglsius
1602 4949 1676 5001 dicat
1698 4949 1860 5016 adjectivum
1878 4942 2045 5020 τετραβαρής
2063 4951 2109 5000 sis

309 5039 374 5108 fingi
393 5042 518 5110 potuisse,
537 5057 590 5094 non
608 5045 754 5112 perspici05
773 5039 865 5116 τέτρα-
883 5046 955 5096 enim
973 5043 1116 5111 aliquoties
1135 5046 1164 5096 in
1183 5047 1377 5112 compositione
1396 5059 1483 5110 aeque
1502 5059 1534 5092 ec
1552 5057 1606 5112 τρι·
1626 5041 1744 5108 augendi
1761 5043 1815 5092 vim
1834 5041 1924 5106 babet,
1945 5041 1978 5092 oi.
1991 5041 2110 5109 Hesycb.

306 5129 549 5206 τετραέλιαταν
568 5125 687 5202 ἃλμανε
706 5127 787 5204 ἤγουν
804 5134 938 5208 spueretur
957 5165 990 5176 —
1010 5132 1202 5207 τετραέλιξε
1228 5133 1360 5207 aututini,
1380 5141 1435 5188 tum
1454 5130 1572 5204 τετράκις
1590 5154 1626 5180 =
1643 5125 1778 5196 ταλλείαις.
