4984 5908
346 1349 349 1358 ’
427 1355 511 1500 Dc
534 1380 817 1500 Theocriti
844 1383 1093 1510 carmine
1122 1379 1350 1500 Aeolica
1370 1380 1541 1499 tertio
1566 1414 1744 1536 nuper
1763 1379 2008 1500 invento.

1114 1667 1315 1682 Μ

443 1855 662 1986 Aucrumnc
683 1917 760 2003 enni
780 1913 1031 1982 nnoochxv
1053 1911 1299 1999 Heidelbergae
1322 1913 1408 1980 inter
1429 1911 1612 2000 philologos
1634 1910 1914 2000 paedagogosque
1938 1911 2122 1978 Germanos

318 2022 462 2086 versanti
483 2019 561 2086 mihi
582 2019 706 2107 primus
728 2017 846 2084 allatum
870 2026 921 2082 est
940 2017 1073 2082 nuntins
1097 2016 1138 2084 de
1160 2035 1247 2082 novo
1271 2016 1414 2084 carmine
1436 2014 1634 2081 Theocriteo
1656 2013 1795 2102 Bcrgkii
1818 2037 1919 2102 opera
1941 2017 1989 2103 (in
2010 2017 2122 2084 Indice

317 2124 486 2190 lectionum
508 2123 704 2188 Halaesinum
724 2123 824 2189 Miclc.
849 2121 937 2186 1865
938 2124 954 2203 )
977 2120 1010 2183 in
1031 2119 1139 2184 lucem
1162 2119 1299 2200 emiss03
1327 2139 1435 2204 neque
1458 2125 1567 2184 tamen
1589 2119 1679 2204 prius
1703 2117 1839 2204 contigit
1860 2117 1997 2184 utillud
2020 2120 2122 2184 oculis

318 2227 474 2310 viderem,
501 2248 599 2314 quarn
626 2223 819 2290 Theodorus
848 2221 1061 2305 Fritnschius,
1092 2222 1255 2308 gymnasii
1285 2219 1520 2286 Guetrovensis
1548 2221 1725 2308 professor,
1757 2222 1875 2285 iterum
1898 2243 1918 2286 a
1941 2244 1976 2288 se
2000 2222 2122 2288 editum

318 2329 386 2412 (Dc
410 2329 569 2394 luccam·
589 2331 733 2395 canonino
754 2327 885 2392 Aeolion
906 2349 1016 2391 recens
1038 2327 1176 2392 invecto.
1204 2325 1373 2390 Rcstccleic'
1395 2324 1501 2406 1865)
1523 2323 1653 2411 insigni.
1666 2323 1865 2390 humanitate
1889 2323 1932 2388 ad
1953 2347 2004 2390 me
2027 2327 2122 2392 misit

320 2431 426 2513 Quem
447 2429 591 2496 libellum
614 2439 735 2518 quanto
757 2430 874 2496 ardore
897 2427 1175 2516 perlustraverim,
1205 2428 1262 2514 qui
1283 2447 1413 2512 semper
1434 2425 1646 2494 Theocritum
1668 2447 1793 2492 summo
1816 2448 1926 2492 amore
1950 2428 2121 2515 amplexus
2187 2429 2191 2438 '

319 2556 427 2599 essem
449 2535 536 2598 etin
559 2533 761 2600 Graecorum
783 2534 889 2621 poetis
912 2530 1071 2597 bucolicis
1095 2529 1151 2593 diu
1173 2531 1268 2616 qnasi
1289 2528 1499 2614 habitassem,
1522 2552 1619 2596 nemo
1641 2539 1692 2594 est
1714 2531 1792 2617 quin
1813 2529 1909 2596 facile
1925 2532 2120 2616 suspicetur.

318 2637 389 2703 Nec
410 2646 558 2724 poteram
582 2635 661 2702 mihi
689 2645 871 2723 temperare
895 2635 983 2722 quin,
1011 2631 1204 2719 urgentibus
1226 2632 1372 2720 undique
1395 2629 1546 2718 negotiis,
1576 2631 1783 2698 nihilominus
1806 2633 1839 2698 in
1861 2633 2065 2700 emendando
2088 2645 2122 2702 et

319 2737 511 2806 illustrando
539 2738 594 2804 illc
622 2741 764 2806 carmine
791 2737 916 2828 aliquid
943 2759 1064 2824 operae
1093 2733 1297 2802 collocarem.
1340 2733 1386 2799 Ut
1410 2733 1490 2802 vero
1512 2737 1652 2823 primum
1674 2745 1708 2802 ct
1728 2733 1908 2823 paullulum
1930 2737 1986 2800 otii
2010 2735 2121 2802 datum

320 2851 371 2908 est
398 2851 430 2908 et
452 2843 574 2908 Ocnaio
597 2863 669 2907 meo
697 2843 875 2929 interprete
897 2839 1036 2927 Bergkii
1064 2837 1257 2926 opusculum
1286 2837 1318 2902 in
1341 2860 1456 2903 manus
1479 2862 1569 2904 meas
1597 2841 1756 2926 pervenit,
1784 2840 2015 2926 vituperationi
2042 2839 2120 2905 mibi

318 2947 388 3009 fore
416 2945 611 3027 existimavi,
637 2946 699 3008 nisi
722 2946 864 3030 etipse,
889 2953 1045 3030 qnantum
1072 2941 1205 3029 quidem
1233 2941 1322 3006 vires
1350 2937 1509 3029 valerent,
1537 2942 1578 3007 ‹le
1608 2944 1750 3008 carmine
1779 2941 1834 3006 illo
1862 2943 1969 3028 palam
1993 2965 2119 3010 merere

319 3047 493 3132 studerem,
516 3049 651 3135 jamque
680 3067 809 3112 mecum
839 3039 1081 3128 constitueram,
1111 3043 1189 3132 quid
1216 3045 1258 3109 de
1289 3043 1473 3130 quibusque
1494 3043 1689 3132 judicarem,
1724 3066 1823 3132 quum
1844 3043 1952 3110 Musei
1972 3045 2120 3113 erenani

318 3149 493 3216 fasciculus
517 3150 632 3218 allatus
655 3157 714 3234 est,
737 3151 770 3214 in
793 3171 858 3236 quo
879 3149 1046 3214 Arminius
1068 3145 1270 3213 Fritascbius
1292 3146 1472 3233 Lipsiensis
1505 3157 1537 3211 et
1558 3171 1618 3212 sua
1639 3149 1672 3212 in
1694 3146 1781 3213 idern
1804 3171 1934 3214 carmen
1958 3151 2065 3216 studia
2087 3161 2122 3216 et

320 3251 480 3338 quaedam
503 3275 524 3318 a
546 3253 692 3339 Georgia
721 3251 834 3338 Curtio
862 3261 896 3318 et
916 3249 1115 3318 Kreusslero
1144 3269 1256 3315 secum
1285 3249 1524 3316 communicata
1550 3250 1770 3337 promulgavit
1797 3252 1900 3336 (Mas.
1921 3253 2025 3322 Rhea.
2047 3277 2119 3323 nov.

318 3357 405 3438 XXI,
425 3358 499 3442 ap.
521 3357 588 3422 247
609 3359 721 3442 sopp).
770 3353 888 3442 Itaque
909 3377 951 3419 ne
974 3353 1024 3418 his
1048 3351 1181 3446 qpidem
1203 3349 1364 3439 neglectis
1387 3351 1562 3438 diligenter
1585 3351 1761 3438 elaboravi,
1789 3375 1873 3441 quae
1896 3355 1929 3418 in
1952 3355 2118 3442 publicum

320 3460 510 3544 proferrem.
555 3459 666 3545 Opere
693 3479 773 3524 vero
800 3458 870 3523 fere
896 3456 1047 3522 absoluto
1074 3461 1344 3543 supervenemnt,
1373 3475 1457 3542 qnae
1482 3453 1736 3543 Christcphorns
1759 3455 1930 3544 Zieglerus
1953 3459 1985 3522 in
2007 3459 2119 3524 Aona-

319 3562 403 3627 lc‘bue
425 3561 635 3649 Philolopc'cc'a
661 3561 723 3629 Vol.
745 3559 860 3628 XCIII
865 3559 957 3646 fasc.
979 3563 1055 3648 op.
1079 3557 1144 3625 159
1165 3581 1249 3646 seqq.
1279 3579 1322 3624 ex
1351 3558 1423 3644 ipso
1451 3557 1505 3623 illo
1532 3557 1625 3642 libro,
1655 3579 1719 3646 quo
1747 3559 1842 3623 unico
1866 3581 1997 3626 carmen
2020 3562 2118 3626 conti·

319 3673 423 3748 netur,
447 3661 622 3751 diligenter
645 3685 786 3729 excusso
808 3662 927 3747 retulit,
951 3684 1025 3728 cum
1046 3661 1245 3749 Bergkiauis
1267 3662 1385 3748 partim
1409 3659 1639 3750 discrepantia.
1675 3662 1746 3728 Nec
1769 3663 1868 3726 multo
1890 3671 1966 3749 post
1987 3687 2119 3731 carmen

319 3789 340 3832 a
358 3765 526 3832 Ludovico
549 3763 722 3831 Scbwobic
744 3767 949 3852 recognitum
971 3766 1018 3856 (in
1039 3766 1151 3831 Iudice
1172 3763 1356 3830 scholarum
1378 3763 1635 3850 Dorpctcnsiaoe
1658 3765 1762 3846 1866)
1791 3763 1953 3831 beneficio
1976 3771 2117 3833 auctoris

318 3869 443 3956 accepi.
487 3869 581 3952 Quae
602 3889 691 3934 nove
711 3889 810 3958 quum
831 3865 1002 3956 negligere
1024 3865 1145 3932 nollem
1165 3889 1273 3953 neque
1296 3875 1405 3930 temen
1425 3875 1494 3932 tum
1508 3869 1664 3956 temporis
1681 3869 1728 3932 eis
1744 3877 1897 3934 accurate
1913 3869 1960 3936 nti
1975 3881 2117 3957 vacaret,

318 3971 452 4059 reposui
474 3993 559 4059 quae
582 3969 788 4058 scripseram,
815 3981 932 4057 postea
952 3991 1042 4055 vero,
1066 3991 1165 4058 quum
1181 3969 1304 4056 aliquid
1327 3969 1383 4034 otii
1406 3969 1517 4036 datum
1540 3980 1637 4054 essct,
1661 3970 1703 4036 ad
1725 3970 1789 4038 alia
1811 3971 1919 4038 studia
1935 3974 2062 4040 delatus
2084 3977 2118 4042 in

318 4075 447 4140 scriniis
474 4071 635 4141 latitantia
661 4074 736 4140 lere.
761 4071 882 4140 oblitus
911 4093 992 4156 eum,
1026 4072 1133 4140 donec
1154 4071 1326 4159 Zieglerus
1353 4094 1440 4138 nove
1468 4095 1529 4138 sua
1555 4073 1698 4140 editione
1715 4073 1903 4158 ,Theocriti
1932 4079 2117 4163 gratissimo

319 4178 414 4260 dono,
441 4178 475 4241 in
498 4197 562 4266 quo
584 4197 704 4241 novum
734 4197 865 4242 carmen
888 4175 1067 4242 secundum
1090 4195 1184 4240 suum
1206 4177 1431 4262 apographum
1453 4173 1570 4242 ilerum
1597 4177 1766 4264 proposuit
1788 4187 1821 4242 et
1842 4177 2012 4246 doctorum
2034 4183 2118 4246 viro·

317 4303 389 4346 rum
411 4277 607 4350 emendandi
627 4279 799 4344 conamina
826 4277 968 4366 collegit,
996 4277 1112 4344 codice
1134 4287 1307 4364 praeterea
1330 4281 1580 4346 'accuratissime
1603 4279 1778 4366 descripto,
1810 4303 1942 4346 oausam
1965 4283 2056 4348 dedit
2076 4283 2118 4349 ed

318 4383 476 4449 relictum·
489 4382 632 4446 studium
652 4379 821 4450 redeundi.
863 4380 980 4468 Itaque
1008 4401 1108 4468 quum
1138 4403 1178 4446 eo
1199 4381 1271 4468 ipso
1299 4390 1446 4468 ternpore
1468 4384 1700 4470 programmati
1727 4382 1875 4470 paschali
1896 4385 2032 4450 materia
2053 4385 2117 4451 dis-

319 4483 571 4550 sertatiunculae
601 4483 789 4571 quaerenda
821 4491 910 4549 esset
936 4484 1045 4572 (nemo
1075 4484 1161 4549 enim
1184 4506 1201 4550 e
1225 4483 1361 4572 collegis
1391 4485 1421 4550 ei
1443 4487 1534 4552 oneri
1556 4485 1725 4552 subeundo
1754 4489 2004 4574 percusserat),
2033 4487 2118 4555 hanc

318 4588 422 4673 ipsam
439 4587 588 4678 judicavi
609 4607 674 4652 non
694 4585 763 4652 fore
786 4587 934 4685 alienam.

445 4689 585 4757 Carmen
606 4699 725 4776 autem,
749 4689 790 4755 de
814 4711 877 4777 quo
899 4711 985 4754 nunc
1007 4689 1145 4775 agimus,
1166 4697 1367 4776 protractum
1390 4699 1441 4756 est
1463 4714 1480 4756 e
1503 4691 1616 4758 codiee
1639 4691 1876 4760 Mediolanensi
1898 4691 2116 4760 bibliothecae

319 4789 556 4860 Ambrosianae
579 4815 626 4862 nr.
650 4793 700 4876 lb,
731 4793 787 4880 qui
814 4793 847 4857 in
874 4815 949 4858 mea
975 4790 1118 4856 editione
1145 4793 1228 4879 siglo
1251 4817 1279 4862 c.
1302 4795 1419 4878 utitur;
1450 4793 1571 4880 legitur
1598 4793 1643 4859 ibi
1673 4795 1828 4883 deinceps
1851 4805 1926 4884 post
1948 4796 2115 4862 Theocriti

320 4895 464 4960 carmine
485 4895 639 4980 Aeolica,
664 4891 842 4977 Ἠλακᾶτην
869 4903 902 4980 et
931 4892 1082 4980 Παιδικὰ,
1109 4906 1268 4982 sequente
1294 4895 1421 4962 Moschi
1449 4895 1591 4982 Europe.
1638 4895 1804 4984 Bergkins
1835 4899 1938 4965 edidit
1966 4922 2009 4966 ex
2041 4921 2117 4988 apo·

320 4996 445 5084 grapho
469 4995 632 5064 Guilielmi
662 4997 875 5081 Studemund,
898 4999 1031 5085 juvenis
1061 4999 1160 5081 docti,
1190 5020 1287 5085 quem
1308 4999 1376 5068 ille.
1390 4985 1509 5078 narrat,
1536 5021 1635 5086 quum
1657 5022 1716 5066 suo
1742 5011 1860 5088 rogatu
1880 5001 2116 5071 Ambrosianos

320 5099 487 5168 Theocriti
515 5097 648 5166 codices
681 5103 892 5184 examinaret,
918 5102 952 5166 in
978 5123 1109 5166 carmen
1131 5099 1211 5168 illud
1240 5103 1406 5172 incidisse.
1449 5103 1621 5190 Zieglerus
1652 5111 1763 5169 tamen
1794 5101 1925 5189 (Annal.
1948 5105 2031 5176 Phil.
2053 5105 2076 5178 l.
2096 5108 2115 5171 l.

320 5225 351 5290 p.
369 5203 443 5291 159)
465 5201 576 5287 refert,
598 5221 634 5268 ee
651 5205 721 5291 jam
744 5211 917 5271 auctumno
939 5205 1014 5270 anni
1031 5205 1113 5271 1864
1134 5205 1222 5270 idem
1244 5203 1409 5272 detexisse
1434 5215 1467 5274 et
1481 5205 1750 5290 Studemundum,
1772 5213 1840 5272 tum
1856 5216 1890 5273 et
1903 5209 2012 5295 ipsum
2025 5207 2115 5276 libris

1766 5311 1802 5374 l,
2033 5307 2042 5326 .
