4984 5908
1243 325 1263 390 8

1151 428 1351 438 *—

258 569 261 576 ·
356 527 508 601 breviore
529 535 634 622 spatia
656 557 766 602 amore
790 543 921 623 captum
941 537 1047 604 teneri
1069 559 1167 623 quarn
1187 535 1327 603 libemm
1349 559 1432 621 esse,
1456 558 1540 624 quae
1563 539 1726 628 sententie
1739 561 1840 627 aegre
1856 540 2024 628 placuerit.
2062 537 2158 610 Desi-

359 639 526 704 deraveris
549 639 658 726 potius
680 639 796 705 febrim
820 640 991 704 tertianam
1021 638 1171 728 (πυρετὸν
1191 641 1360 729 τριταῖον),
1388 641 1409 704 i.
1433 663 1461 710 e.
1483 642 1616 706 alternis
1643 641 1757 708 diebus
1786 643 1973 728 agitantem,
2003 653 2039 707 ut
2068 667 2158 712 emor

356 741 489 826 peribus
517 743 630 828 spatiis
659 751 772 808 teneat
801 749 834 806 et
861 743 1013 816 remittat.
1060 743 1143 808 Eam
1171 764 1249 809 varo
1271 743 1377 830 ipsam
1398 752 1516 830 podtae
1538 743 1666 809 restitui
1687 743 1854 810 levissima
1875 747 2062 830 mutatione,
2093 771 2158 834 qua

359 845 454 908 simul
484 843 616 908 dialecti
647 845 782 910 offensio
809 843 941 915 tollitur.
992 844 1089 927 Quod
1117 847 1203 911 enim
1232 845 1309 910 dedi
1334 855 1528 932 τορτοταῐος,
1556 845 1691 911 ΑοοΙίοο
1720 855 1771 911 est
1796 867 1855 934 pro
1876 855 2029 938 τριταῖος,
2059 869 2157 935 quum

358 947 480 1013 Aeoles
502 967 561 1034 pro
583 949 688 1036 τρίτος
711 947 854 1012 dixerint
875 949 985 1036 τὲρτος
1007 957 1040 1014 et
1060 950 1211 1034 τέρτοιτος
1232 951 1283 1036 (ut
1303 951 1474 1038 τρίτατος),
1496 948 1562 1018 vid.
1584 947 1682 1017 Diall.
1704 947 1730 1032 Ι,
1753 949 1796 1014 55
1816 957 1881 1018 not.
1903 950 1953 1034 24,
1976 949 2033 1014 ubi
2054 950 2087 1014 in
2109 951 2158 1036 iis,

359 1071 443 1138 qnae
465 1047 554 1118 EtM.
577 1049 648 1134 ooo,
670 1050 712 1115 40
734 1072 777 1116 cx
799 1049 988 1116 Herodiano
1011 1051 1199 1136 afferuntur,
1221 1052 1381 1138 τέταρτος,
1404 1050 1492 1139 quod
1510 1049 1681 1117 Aeolicum
1704 1051 1822 1116 dicitur
1843 1074 1901 1139 pro
1923 1055 2038 1138 τρίτος,
2061 1053 2159 1120 debe-

359 1153 435 1216 bam
457 1153 490 1215 in
511 1152 661 1241 τέρτατος
684 1162 818 1237 mutare,
851 1173 916 1217 non
939 1175 1013 1220 cum
1036 1154 1184 1221 Seidlero
1205 1155 1239 1219 in
1260 1157 1379 1243 τέρτος.
1423 1155 1517 1220 Idem
1538 1155 1690 1245 τὲρτατος
1712 1156 1874 1220 sententie
1894 1155 2063 1243 flagitante
2085 1157 2160 1222 Pin-

362 1255 441 1320 daro
465 1255 516 1324 Ol.
540 1255 569 1339 8,
591 1257 633 1322 46
654 1279 714 1343 pro
743 1257 894 1344 τέτρατος
915 1257 1152 1324 restituendum
1179 1279 1252 1324 esse
1276 1258 1381 1325 docui.
1424 1259 1578 1345 Denique
1605 1259 1742 1323 sormam
1762 1258 1911 1346 τέρτοτος
1932 1281 1991 1346 pro
2012 1261 2162 1351 τὲρτοτος

362 1365 472 1424 tuetur
486 1357 573 1424 illud
602 1359 740 1442 disocus,
771 1380 836 1446 quo
862 1357 1003 1425 Balbilla
1029 1361 1064 1424 in
1086 1361 1321 1448 epigrammate
1343 1361 1481 1427 Aeolieo
1510 1381 1571 1427 usa
1592 1371 1643 1428 est
1665 1360 1702 1428 O.
1725 1359 1999 1428 1.nr.·47‘27.-
2027 1363 2164 1452 Berglrii

317 1439 328 1462 ⁰
363 1461 465 1530 verbe
487 1461 588 1544 „dicit
609 1463 695 1528 enim
716 1469 816 1548 polita
837 1483 872 1526 ee
895 1463 989 1548 pueri
1012 1485 1122 1528 amore
1139 1465 1210 1551 jam
1232 1463 1413 1530 seeundum
1440 1485 1585 1530 mensem
1608 1473 1761 1550 tanquam
1789 1461 1872 1527 febri
1895 1464 2032 1554 (πυρετῷ
2054 1491 2164 1561 τεταρ-

363 1565 455 1652 ταίῳ)
477 1563 649 1634 laborare“
671 1562 732 1628 Tb.
749 1563 952 1630 Fritssabius
975 1573 1065 1632 recte
1086 1567 1133 1632 ita
1154 1569 1325 1653 accepisse
1345 1567 1487 1652 videtur,
1509 1575 1546 1630 ut
1565 1565 1628 1630 ille
1641 1573 1827 1651 τοτορτοῖος
1842 1572 1902 1648 (se.
1918 1568 2066 1659 πυρετός)
2090 1571 2165 1638 snb'-

365 1667 497 1734 stantivi
518 1668 592 1734 vioe
621 1665 715 1752 fungi
744 1675 777 1732 et
807 1667 999 1753 particulam
1023 1667 1279 1756 comparativam
1308 1669 1353 1745 ὡς
1373 1679 1482 1736 mente
1505 1667 1651 1756 suppleri
1676 1666 1825 1750 voluerit,
1852 1670 1958 1734 minus
1980 1683 2070 1741 reete
2093 1697 2165 1744 eam

365 1771 666 1857 interpretationem
688 1770 759 1855 ipse
782 1769 966 1856 probavit..
988 1772 1064 1853 Qua
1083 1773 1209 1859 rejecta
1229 1772 1319 1842 Arm.
1335 1771 1536 1838 Fritssehius
1557 1773 1591 1835 in
1613 1759 1771 1857 per’verss
1792 1769 1886 1858 abiit3
1909 1782 2022 1840 contra
2037 1776 2167 1846 Schwa-

366 1873 441 1940 bius
462 1873 634 1941 verusime
655 1870 818 1938 intellexit
839 1875 1069 1961 conjungenda
1091 1895 1165 1940 esse
1188 1877 1266 1964 ἔρως
1287 1883 1473 1960 τετορτοῖος
1494 1895 1606 1957 „amor
1628 1879 1837 1960 quartanas“‚
1859 1875 1880 1937 i.
1904 1897 1931 1942 e.
1953 1897 2045 1942 amor
2064 1881 2165 1948 febris

303 2009 310 2022 ·
367 1983 546 2063 quartanae
567 1974 667 2040 modo
688 1995 748 2061 per
769 1971 942 2042 intervalla
962 1999 1145 2063 recurrens,
1167 1979 1226 2043 vix
1248 1987 1355 2045 autem
1377 1987 1467 2044 recte
1484 1975 1665 2062 Bergkium
1680 1975 1768 2041 idem
1783 1977 1925 2042 sensisse
1942 1979 2090 2064 opinatus
2107 1995 2167 2056 est.

366 2078 442 2144 Jam
463 2086 712 2146 veronostram
733 2086 919 2169 ιορτοταῖος
942 2079 1021 2168 ἔρως
1042 2103 1153 2164 „amor
1174 2081 1354 2146 tsrtisnne“
1375 2076 1522 2166 intellige
1545 2079 1588 2146 de
1610 2100 1720 2146 amore
1742 2077 1876 2146 alternis
1892 2079 2019 2147 vicibus
2042 2099 2167 2159 urente.

1165 2241 1232 2320 Vs.
1261 2245 1369 2321 3-5.

382 2347 406 2452 J
496 2356 636 2426 Versum
658 2357 789 2423 tertium
813 2379 912 2444 quum
933 2357 1099 2444 Bergkius
1123 2367 1214 2424 oerta
1235 2357 1463 2426 emendatione
1484 2359 1518 2423 in
1539 2359 1703 2446 integrum
1724 2358 1907 2430 restituisse
1929 2357 1992 2428 sibi
2014 2365 2104 2433 visus
2119 2369 2170 2456 sit,

370 2485 432 2530 nee
454 2461 644 2528 Fritsschiie
665 2460 830 2548 persuasit
851 2483 913 2526 nec
935 2459 1060 2547 mihis).
1096 2461 1141 2526 Et
1162 2483 1213 2526 me
1230 2459 1362 2548 quidem
1383 2463 1524 2529 maxime
1547 2462 1691 2546 offendit,
1715 2462 1802 2549 quod
1824 2461 1919 2528 lromo
1942 2465 2170 2538 ardentissimo

372 2567 467 2654 pueri
489 2587 598 2630 amore
623 2562 767 2650 flagrans
798 2563 977 2628 secundum
1004 2563 1089 2630 illius
1116 2564 1290 2630 lectionem
1318 2565 1440 2630 amasio
1466 2564 1581 2636 tribuit
1606 2565 1824 2648 „mediocrem
1855 2567 1979 2632 formae
2010 2569 2171 2660 decorem,

373 2669 434 2736 sed
456 2691 530 2764 eum
552 2669 609 2756 qui
630 2688 732 2754 puero
755 2666 959 2735 conveniet“.
1001 2666 1053 2731 Ea
1075 2667 1161 2732 enim
1183 2663 1336 2732 desidero
1358 2666 1462 2734 verbe
1487 2673 1604 2764 (neque
1627 2666 1722 2732 aliter
1742 2669 1781 2735 Α.
1803 2669 2030 2760 Fritasclrius),
2054 2677 2171 2762 quibus

375 2774 497 2840 eximia
524 2772 632 2858 potius
659 2770 754 2856 pueri
780 2766 987 2856 pulchritudo
1016 2768 1187 2838 indicetur.
1238 2771 1310 2852 Quo
1340 2791 1439 2856 quum
1466 2769 1613 2853 accedat,
1642 2771 1729 2857 quod
1756 2771 1918 2857 particula
1946 2774 2001 2854 μὲν
2028 2799 2092 2844 non
2115 2803 2174 2847 sue

374 2876 447 2946 loco
469 2876 584 2970 posite¹
598 2880 649 2938 est
670 2869 831 2958 (debebat
852 2872 937 2936 enim
959 2881 1035 2960 post
1056 2875 1211 2962 μετρίως),
1234 2871 1317 2938 banc
1340 2873 1373 2936 in
1389 2871 1431 2954 μὴ
1445 2871 1632 2938 mutandam
1655 2895 1730 2940 esse
1746 2873 1836 2941 duxi.
1867 2872 1941 2942 Jeur
1959 2877 2174 2968 adaequante

375 2978 456 3044 ent
478 2976 594 3066 eodem
615 2996 677 3040 usu
700 2973 822 3040 dictum
845 2983 905 3058 est,
929 2997 993 3062 quo
1009 2975 1160 3064 Thucyd.
1180 2975 1238 3060 IV,
1254 2975 1306 3058 92,
1326 2975 1347 3038 4
1370 2977 1403 3042 οἳ
1423 2977 1477 3040 καὶ
1499 2974 1539 3057 μὴ
1562 2974 1636 3052 τοὺς
1658 2975 1751 3060 ἔρνος,
1775 2975 1853 3046 ἄλλοι
1875 2979 1929 3043 καὶ
1949 2980 2024 3058 τούς
2046 2979 2175 3053 ἄπωθεν

376 3085 545 3172 πειρῶνται
565 3081 770 3161 δουλοῦσθαι,
792 3099 890 3164 quem
910 3077 944 3142 in
966 3079 1161 3144 sententiam
1182 3077 1282 3164 vulgo
1305 3076 1346 3159 μὴ
1362 3075 1414 3142 ὅτι
1427 3113 1469 3128 -«
1484 3075 1564 3144 ἀλλὰ
1579 3079 1718 3165 ponitur,
1742 3100 1842 3164 quum
1860 3079 2038 3148 levioribus
2054 3088 2174 3173 verbis,

376 3206 462 3274 quse
484 3182 657 3249 veritatem
678 3202 742 3246 non
765 3181 843 3274 satis
874 3202 1015 3267 aequare
1044 3180 1207 3256 videntur,
1235 3181 1365 3268 rejectis
1393 3181 1547 3266 graviora
1575 3180 1822 3266 substituuntur,
1849 3181 1952 3248 veluti
1973 3185 2056 3257 Plat.
2076 3189 2175 3277 Apol.

377 3287 478 3356 401).
501 3284 545 3369 pri
564 3283 616 3352 ὅτι
635 3285 763 3366 ἰδιώτην
788 3282 866 3361 τινά,
896 3281 974 3350 tue
997 3282 1128 3350 καὶτὸν
1154 3284 1247 3367 μέγαν
1273 3285 1411 3370 βασιλέα.
1453 3282 1562 3349 Latini
1584 3305 1623 3348 eo
1645 3305 1744 3348 sensu
1772 3307 1838 3350 noa
1859 3287 1931 3352 dico
1954 3287 2033 3374 (non
2056 3290 2176 3380 dicam)

379 3428 420 3440 -
441 3391 507 3472 sed,
527 3409 589 3452 nos
604 3389 699 3454 nieht
720 3387 802 3454 blora
825 3425 863 3436 -
886 3388 1037 3452 rendere.
1085 3385 1205 3453 Verbis
1227 3385 1304 3453 inde
1325 3387 1368 3454 ab
1393 3383 1471 3452 ἀλλὰ
1490 3387 1561 3472 jam
1582 3385 1717 3472 insignis
1739 3387 1976 3472 pulcritudinis,
2006 3393 2177 3462 mediocri·

379 3501 480 3560 tatem
508 3491 606 3577 louge
634 3491 828 3578 superantis,
858 3487 1112 3576 descriptionem
1140 3491 1249 3556 inesse
1278 3497 1429 3576 oportere
1462 3488 1541 3554 satis
1568 3497 1713 3575 apparet.
1763 3489 1826 3555 Cui
1854 3493 2034 3558 sententiae
2058 3501 2177 3583 optimo

382 3595 536 3661 convenit
555 3592 670 3658 ultima
689 3611 806 3658 versus
828 3613 895 3658 vox
917 3593 1060 3681 περιέχει,
1082 3591 1180 3658 modo
1202 3593 1356 3658 restituas
1378 3613 1450 3656 earn
1472 3589 1618 3675 formam,
1642 3612 1739 3677 quam
1761 3601 1795 3656 et
1809 3591 1968 3660 disiectus
1990 3599 2132 3682 postulet
2147 3609 2179 3666 et

380 3697 517 3781 numeri,
547 3695 690 3786 τερρὲχτι
721 3694 803 3778 dieo,
833 3695 920 3784 quod
949 3716 1039 3762 more
1062 3693 1198 3762 Aeolico
1227 3717 1268 3762 ea
1288 3695 1321 3760 ri
1343 3695 1493 3781 positum,
1522 3715 1587 3779 que
1613 3691 1712 3781 vulgo
1738 3693 1880 3784 ὑπερέχοι
1908 3695 2021 3784 (Diall.
2040 3701 2068 3784 l,
2093 3705 2176 3793 151).

489 3887 519 3966 ⁴8)
539 3897 637 3952 Nescio
656 3913 691 3948 en
709 3897 759 3948 Tb.
777 3896 940 3950 Fritssabius
959 3913 1012 3948 non
1032 3875 1186 3966 probaverit
1202 3892 1280 3948 neibt
1294 3911 1311 3946 s
1328 3894 1446 3962 Bergkio
1465 3895 1619 3960 admissum,
1645 3893 1717 3962 quod
1734 3895 1792 3962 ipse
1812 3896 1914 3948 sitavit.
1944 3899 2011 3965 [Ego
2027 3902 2133 3968 quidem
2152 3905 2179 3956 ln

382 3989 435 4042 hac
453 4007 506 4057 uon
525 3991 594 4043 adeo
613 3987 698 4042 haesi.
734 3989 802 4040 Nam
822 3989 894 4056 quod
912 3989 1046 4056 Bergkius
1071 3987 1138 4041 dicit
1160 4003 1248 4040 meam
1267 3987 1352 4039 videri
1371 3988 1529 4040 sententiam
1548 4003 1608 4040 ease
1626 3987 1655 4038 iu
1673 3986 1756 4038 Diali.
1776 3988 1798 4050 1,
1819 3988 2181 4051 testamenmentum

384 4083 419 4135 ab
439 4083 472 4134 iis
487 4083 578 4136 formis
603 4082 677 4134 vocis
702 4084 773 4144 ταῖς,
799 4097 869 4148 ques
892 4095 972 4134 nuum
996 4079 1127 4147 syllabam
1147 4078 1289 4144 excedunt,
1315 4079 1433 4131 alienam
1452 4095 1519 4146 esse,
1545 4095 1606 4130 mes
1623 4080 1706 4132 verbe
1724 4095 1815 4148 pamm
1834 4089 1908 4132 recte
1926 4083 2113 4151 interpretatus
2132 4093 2182 4140 est.

383 4177 473 4227 Docni
498 4175 568 4226 enirn
595 4189 627 4224 eo
651 4174 712 4226 loco
735 4175 881 4226 secundnm
906 4174 1094 4240 grammaticos
1117 4169 1303 4238 monosyllaba
1326 4174 1390 4236 ταῖς
1409 4172 1437 4223 et
1455 4165 1504 4243 δᾴς
1525 4173 1553 4223 in
1572 4167 1685 4224 Aeolide
1711 4167 1851 4224 diaeresis
1867 4174 1936 4242 psti;
1963 4174 2040 4226 attuli
2064 4177 2135 4230 illius
2154 4181 2181 4230 in

384 4268 476 4320 tormis
494 4264 685 4332 monosyllabis
704 4264 826 4318 dissoluti
844 4263 968 4334 exempla
986 4264 1118 4332 quaedem
1137 4261 1219 4328 (adde
1237 4263 1274 4327 11,
1293 4261 1346 4314 509
1368 4269 1395 4316 et
1411 4257 1460 4316 neit·
1478 4263 1514 4328 11,
1535 4261 1612 4328 b80);
1638 4278 1692 4335 non
1710 4265 1820 4332 apposui
1840 4261 1974 4332 longiores
1993 4265 2090 4320 formas
2110 4269 2182 4324 diae-

385 4361 457 4414 resin
475 4373 579 4427 passas,
607 4359 671 4424 quie
694 4357 785 4409 nullae
810 4357 968 4425 legebantur
991 4363 1097 4426 prester
1114 4349 1201 4417 aaut
1227 4355 1299 4424 quod
1317 4355 1472 4408 Hemeseo
1491 4359 1600 4408 auctora
1626 4355 1844 4409 Schneidewinus
1869 4358 1991 4410 ediderat
2009 4358 2109 4426 Sappb.
2131 4361 2182 4413 121

386 4452 466 4520 ng.,
484 4451 532 4503 ubi
550 4449 684 4516 Bergkius
702 4448 828 4501 traditum
846 4442 922 4502 παῖδ’
945 4450 1062 4502 retinuit.
1091 4450 1153 4516 Ipse
1174 4447 1229 4498 dixi
1248 4463 1290 4499 me
1309 4447 1435 4501 maluisse
1451 4442 1522 4520 udis,
1541 4447 1647 4500 scilieet
1665 4465 1718 4500 non
1737 4447 1807 4515 quod
1826 4451 1853 4500 in
1871 4447 1958 4502 παῖδα
1976 4450 2108 4504 diaeresin
2127 4453 2186 4508 lieri

387 4559 465 4613 posse
480 4557 617 4608 negarem,
636 4543 685 4593 sed
705 4541 776 4608 quod
791 4541 913 4608 judicari
931 4544 1060 4610 pobtriem
1079 4541 1164 4593 torma
1182 4541 1321 4592 elisionem
1340 4557 1424 4609 pessa·
1437 4533 1508 4593 ate·
1530 4556 1583 4592 non
1600 4556 1709 4592 usuram
1726 4539 1816 4604 tuisse,
1835 4541 1881 4592 ubi
1899 4541 1965 4592 nihil
1984 4543 2102 4608 obesset,
2122 4563 2186 4613 qno·

388 4639 475 4692 miuus
493 4635 606 4686 formam
624 4633 756 4700 integram
774 4627 838 4686 striis
854 4639 974 4702 poneret,
994 4651 1074 4702 quam
1093 4633 1165 4702 apud
1183 4631 1282 4686 Asoles
1299 4635 1328 4684 in
1346 4649 1396 4686 usu
1414 4633 1495 4686 tuisse
1515 4637 1620 4685 sonent
1637 4632 1721 4684 Diell.
1738 4633 1760 4695 Ι,
1777 4633 1838 4684 113.
1875 4633 1934 4684 Non
1953 4632 2039 4698 aliter,
2059 4649 2093 4686 ne
2109 4639 2202 4706 plera·

390 4743 532 4798 apponam,
556 4725 690 4778 Homerus
715 4725 809 4778 maluit
832 4721 887 4798 ἔριν
905 4741 984 4793 quem
1003 4719 1069 4798 ἔρδ’
1093 4725 1145 4783 od.
1163 4741 1186 4794 γ,
1204 4725 1265 4778 186.
1286 4725 1336 4776 161
1364 4731 1392 4776 et
1413 4720 1494 4798 adoro
1518 4739 1598 4792 quarn
1620 4716 1713 4797 stipati
1735 4723 1759 4776 ll
1787 4721 1818 4788 Ν,
1839 4725 1899 4774 131.
1920 4721 1952 4794 11,
1971 4725 2034 4790 205,
2059 4729 2106 4779 ubi
2124 4747 2149 4782 r.
2168 4729 2186 4780 l.

388 4812 479 4894 adpeti
507 4825 581 4871 recte
604 4817 714 4884 rejecta.
756 4818 867 4870 Minime
891 4834 955 4872 vero
979 4818 1112 4884 Bergkias
1137 4813 1214 4870 rettt
1237 4833 1313 4870 saum
1332 4816 1484 4869 Homericis
1508 4817 1599 4869 formis
1624 4813 1728 4868 δαΐδων
1746 4821 1773 4867 et
1791 4813 1891 4880 δαΐδας
1918 4817 2037 4870 stabilire
2058 4815 2186 4880 debebam

391 4929 451 4964 nem
472 4907 536 4974 δαῖς
561 4913 618 4978 (pro
636 4906 724 4977 dofle)
750 4915 778 4960 et
805 4911 839 4962 ab
864 4911 967 4976 origine
992 4917 1021 4962 st
1047 4924 1153 4976 semper
1178 4911 1250 4976 apud
1268 4910 1413 4960 Homerum
1439 4909 1600 4975 bisyllebunr
1619 4915 1672 4972 est3
1700 4910 1848 4960 recentiore
1867 4907 1973 4962 demum
1991 4916 2110 4978 tempora
2128 4916 2188 4976 post

392 5006 528 5071 digamma
554 5001 668 5068 ejectum
697 5003 879 5054 contractione
909 4997 958 5074 δᾴς
982 5007 1082 5056 netum.
1127 5001 1226 5052 Contra
1249 5005 1313 5063 ταῖς
1333 5000 1390 5066 jam
1407 5002 1478 5068 apud
1496 5001 1642 5053 Homerum
1669 5001 1824 5053 cerfisnnris
1847 5000 1974 5070 exemplis
1995 5001 2187 5069 diphthongum

389 5102 486 5149 tuetur.
524 5097 658 5148 Incertum
678 5095 757 5146 ettam
775 5092 853 5146 παϊδί
870 5097 968 5148 Anser.
984 5093 1015 5145 fr.
1036 5095 1068 5144 ll
1084 5111 1100 5144 a
1119 5093 1237 5160 Berglrio
1257 5093 1366 5143 editum.
