4984 5908
1232 463 1289 529 ,16

363 675 495 759 ἔσχατον
515 679 625 746 καὶτὸ
650 673 755 769 ἄκρον,
778 679 819 746 ef.
842 665 947 743 droa:
969 671 1072 764 ιἰἰκραι,
1094 673 1221 754 ἔοχαια.
1265 675 1382 741 Utrum
1405 699 1484 742 vero
1504 699 1522 761 γ
1542 676 1623 743 ἰλλοιλ
1643 680 1850 744 intersertum
1873 689 1990 744 revera
2010 679 2111 746 etiam
2133 682 2168 747 iu

362 781 595 848 nominativum
628 783 826 869 singularem
854 779 1028 862 transierit,
1057 799 1098 842 an
1120 779 1324 866 grammatici
1350 779 1488 844 formam
1516 781 1676 870 κολόφρυξ
1698 779 1878 868 seeundum
1900 782 2046 868 reliquos
2070 801 2166 848 casus

362 883 526 970 finxerint,
550 885 673 974 ambigi
694 893 813 973 potest.
856 880 1061 948 Simillimum
1084 890 1134 945 est
1154 882 1278 965 γένυξι
1301 880 1426 956 πέλεκυς
1447 881 1594 970 Hesych.
1616 891 1702 970 (post
1721 885 1869 973 νὲντερ)
1884 905 1942 970 pro
1956 885 2052 967 γένυς,
2069 903 2167 970 quam

363 983 507 1074 glossam
529 1009 593 1051 non
616 988 720 1054 audeo
743 989 775 1051 in
792 984 1027 1050 dubitationem
1041 1004 1172 1068 vocare,
1196 1002 1381 1071 quanquam
1403 985 1437 1048 iu
1452 985 1563 1071 glossa
1584 985 1763 1074 πυρσαῖς
1783 987 1912 1068 νὲνυξι
1932 995 1969 1050 ut
1993 998 2037 1052 ex
2051 987 2165 1074 Eurip,

362 1086 486 1157 Phoeu.
507 1089 549 1153 32
570 1091 674 1176 petita
700 1099 790 1156 recte
810 1089 913 1171 γένυσι
940 1087 1123 1152 restitutum
1152 1109 1227 1153 esse
1254 1086 1394 1156 videtur.
1428 1123 1468 1136 -
1511 1090 1608 1170 Quod
1630 1089 1745 1176 judice
1775 1089 1921 1174 Bergkio
1948 1087 2007 1173 „dd
2038 1089 2166 1179 ὀφρύων

361 1189 442 1256 nibil
471 1189 637 1258 aliud‘est
664 1212 760 1281 quam
790 1193 878 1278 quod
906 1189 1052 1276 pedestri
1079 1190 1224 1254 oratione
1255 1189 1317 1272 ped
1343 1188 1465 1278 ὀφρύος
1495 1190 1560 1256 dici
1588 1191 1702 1275 solet“,
1730 1215 1792 1278 ego·
1821 1191 1953 1280 quidem
1981 1191 2087 1256 fateor
2112 1213 2163 1258 ms

361 1295 500 1374 nescire,
531 1295 603 1381 quis
636 1295 757 1361 dixerit
784 1289 845 1376 ped
878 1293 1000 1384 ὀφρύος
1022 1293 1156 1381 (ptinere
1182 1293 1237 1357 vel
1265 1293 1448 1381 δέρκεσθαι)
1478 1299 1511 1357 et
1539 1313 1603 1380 quo
1633 1313 1732 1359 sensu
1760 1295 1858 1359 etiam
1888 1294 1963 1360 huic
1990 1293 2062 1359 loco
2092 1315 2165 1360 con·

362 1397 507 1461 venienti
529 1395 609 1462 illud
632 1397 698 1463 dici
718 1398 871 1484 potuerit.
915 1396 1079 1482 Compara
1100 1395 1208 1481 potius
1230 1393 1398 1482 Posidipp.
1420 1394 1519 1463 Anth.
1542 1396 1612 1464 Pal.
1626 1395 1713 1483 App.
1734 1385 1827 1482 68,’6
1848 1387 1977 1487 ἀμαυροὶ
1999 1397 2120 1484 βλέψας
2134 1396 2167 1462 ἐκ

362 1501 473 1566 πελίων
498 1498 599 1576 νωδὸς
626 1502 806 1567 ἐπισκυνίων
839 1497 1029 1586 (ἐπισκύνιον
1055 1527 1098 1555 =
1124 1495 1252 1585 ὀφρῦς).
1305 1497 1388 1564 Nam
1416 1497 1590 1584 supercilio
1621 1499 1780 1586 depresso
1807 1499 1917 1568 oculos
1941 1499 2103 1586 ‘obtegere
2134 1505 2168 1564 et

362 1600 471 1668 severi
492 1603 660 1690 tristisque
683 1612 735 1668 est
757 1610 791 1667 et
810 1590 973 1689 pudentis,
1000 1602 1042 1680 cf.
1061 1601 1135 1668 Ruf.
1158 1598 1199 1664 de
1222 1608 1318 1686 partt.
1341 1621 1430 1688 corp.
1454 1600 1538 1668 hum.
1560 1623 1593 1687 p.
1614 1601 1657 1666 ‘24
1678 1601 1760 1667 atr
1787 1604 1918 1680 ἔσχαται
1935 1609 1993 1668 roi
2013 1603 2166 1685 μετώπου

362 1707 485 1792 ρυτλδις
509 1705 693 1790 ἐπισκύνιον,
723 1704 801 1791 ὅπερ
830 1705 982 1787 ἐπάγομεν
1005 1711 1076 1779 τοῖς
1104 1702 1296 1790 ὀφθαλμοῖς
1325 1699 1364 1785 ἢν
1390 1703 1470 1791 πρὸς
1497 1701 1866 1792 {carcinomatum
1892 1702 1964 1788 τιῆ
1988 1707 2163 1788 ολδιλμοθα.

360 1807 477 1896 Itaque
499 1831 583 1895 puer
603 1808 730 1896 pudens
754 1807 929 1894 supercilio
952 1805 1093 1873 demisso
1116 1813 1150 1872 et
1172 1807 1279 1893 capite
1300 1805 1434 1894 iusuper
1455 1806 1609 1872 inclinato
1624 1805 1804 1895 hyperbole
1820 1809 1962 1895 quadam
1976 1830 2036 1896 per
2050 1825 2164 1895 super-

362 1910 472 1976 cilium
493 1912 595 1977 butus
619 1931 693 1976 esso
717 1909 846 1978 dieitur.

1187 2117 1251 2194 Vs.
1281 2120 1338 2193 10.

488 2251 683 2341 criticorum
709 2252 936 2340 supplementa
963 2270 1029 2316 non
1052 2273 1092 2316 ea
1113 2260 1197 2336 sunt,
1232 2273 1315 2338 quae
1336 2267 1457 2317 novum
1480 2261 1645 2319 tentamen
1666 2251 1738 2320 fieri
1758 2261 1881 2322 vetent.
1923 2241 2039 2340 Itaque
2064 2273 2165 2340 quan-

364 2375 460 2442 quam
488 2353 611 2420 nudum
636 2355 723 2432 ἕλκος
745 2357 822 2435 ἔχων
847 2339 926 2421 ferri
953 2361 1062 2441 potest
1084 2357 1142 2441 (cf.
1165 2353 1290 2424 Gallim.
1313 2353 1352 2423 ir.
1374 2357 1439 2439 43),
1462 2355 1562 2420 malui
1583 2365 1691 2422 mmen
1715 2363 1748 2421 et
1768 2355 1841 2434 loci,
1872 2354 1929 2420 ubi
1951 2356 2066 2420 vulnus
2090 2376 2165 2420 con-

363 2467 494 2544 ceptum
521 2458 578 2542 sit,
607 2455 867 2546 designationem
895 2466 929 2523 et
959 2455 1124 2544 epitheton
1154 2455 1285 2544 aliquod
1312 2459 1445 2544 gravius
1476 2457 1606 2541 addere,
1634 2461 1676 2552 ei.
1706 2457 1846 2525 Theocr.
1868 2456 1929 2540 XI,
1954 2459 1992 2524 λλ)
2020 2462 2166 2537 &brocca

363 2559 439 2639 ἔχων
463 2560 659 2648 ὑποκάρδιον
679 2562 767 2637 ἕλκος
796 2560 837 2628 de
858 2559 1061 2646 Polyphemo
1090 2567 1229 2626 amante.
1278 2559 1341 2625 Cui
1362 2560 1435 2625 loco
1458 2559 1619 2626 simillima
1641 2571 1716 2626 eunt
1737 2583 1821 2649 ques
1843 2562 1959 2648 posui;
1991 2580 2066 2626 nam
2087 2560 2164 2626 ὕπο-

363 2663 495 2750 κάρδιον
515 2661 604 2744 ἕλκος
626 2659 757 2730 Scholia
777 2665 1032 2752 interpretantur
1058 2661 1154 2750 ἐντῷ
1175 2659 1237 2729 ὑπὸ
1259 2659 1316 2744 τὴν
1336 2663 1508 2751 καρδίον“’
1489 2684 1597 2745 quau,
1626 2685 1669 2729 ex
1692 2687 1757 2751 qua
1778 2664 2045 2752 interpretatione
2066 2672 2162 2730 uatus

365 2773 416 2830 est
436 2785 552 2830 versus
573 2763 675 2854 vulgo
698 2785 850 2854 sequens,
873 2784 1021 2852 quem]
992 2765 1086 2834 soei.
1125 2763 1329 2834 AddeBion.
1350 2764 1377 2850 Ι,
1394 2767 1433 2830 17
1457 2766 1613 2850 μεῖζονδ’
1640 2767 1833 2860 dlieiliqqu
1854 2769 1943 2861 pipat
1963 2766 2165 2855 ιιυνικιλρδιον

363 2867 460 2945 ἕλκος.
502 2867 547 2934 Et
566 2870 720 2959 καρτερὸν
740 2869 829 2945 ἕλκος
858 2865 942 2934 dixit
961 2788 1123 2999 HoJrnerus
1145 2865 1189 2932 Il.¹
1206 2867 1333 2951 ueta.

1099 3073 1249 3155 Vs.
1280 3080 1336 3154 11
1412 3061 1438 3107 ’·
1522 3085 1546 3101 '‘

486 3211 681 3296 Dativumi
667 3214 813 3300 ἐμαυτῷ
812 3235 833 3275 a·
852 3207 998 3300 Bergkio
1028 3209 1170 3299 positum
1192 3211 1252 3280 Th
1275 3211 1476 3279 Fritzschiu‘s
1498 3221 1589 3278 reete
1612 3202 1807 3305 repudiarit,
1838 3213 1924 3299 quod
1952 3224 2077 3280 amator
2097 3203 2164 3278 uon

365 3339 490 3400 secum,
521 3315 583 3382 sed
612 3337 686 3382 cum
714 3315 821 3387 animo
850 3336 908 3379 suo
930 3322 1087 3400 tanquam
1117 3313 1180 3379 alio
1209 3298 1419 3404 colloquatur
1461 3298 1587 3385 Vocem
1609 3313 1798 3412 εἰσκαλέσας,
1822 3317 1917 3404 quam
1940 3326 2079 3424 uterque
2100 3339 2165 3406 quo

365 3441 465 3486 sensu
487 3418 666 3500 retinuerit,
688 3417 769 3504 ipsis
792 3415 975 3483 tacentibus
990 3413 1171 3482 obscurum
1195 3427 1254 3500 est,
1276 3417 1367 3502 Arm
1389 3397 1590 3483 hhitzschius
1614 3428 1647 3485 et
1668 3412 1859 3512 Schwabius
1882 3427 1979 3484 reete
1994 3411 2167 3486 senserunt

365 3529 550 3608 corruptam
572 3543 656 3588 esse.
699 3507 816 3607 Neque
838 3529 947 3588 tamen
969 3520 1145 3604 ἐγκολὲσιιις
1166 3519 1219 3585 vel
1242 3493 1407 3603 ἕγιιολὲσας
1427 3521 1634 3608 reponentes,
1657 3521 1710 3588 hie
1725 3506 1897 3610 praeterea
1910 3525 2012 3610 θυμῷ,
2033 3545 2074 3588 ne
2091 3545 2165 3589 cum

363 3623 419 3690 illo
442 3633 555 3690 contra
575 3624 820 3717 grammaticam
842 3630 1005 3710 peccaret,
1028 3643 1142 3688 verum
1164 3621 1286 3687 vidisse
1309 3623 1470 3710 videntur,
1498 3624 1557 3690 sed
1579 3623 1667 3710 latet,
1689 3623 1752 3688 uisi
1774 3621 1877 3707 fallor,
1908 3621 2029 3711 aliquid
2052 3645 2164 3690 recon-

365 3725 471 3796 ditius.
503 3727 635 3821 Itaque
666 3726 765 3792 πολλὰ
794 3725 821 3790 δ’
852 3725 1034 3801 εἰσκαλέσας
1061 3725 1244 3789 mutarim
1275 3726 1398 3792 πολλὰ
1426 3673 1694 3817 dianaticus
1742 3713 2161 3820 vestimentumque

365 3830 485 3898 σκάλλω
514 3838 548 3895 et
576 3827 711 3899 dauleio
740 3849 966 3914 synonymum,
992 3850 1057 3892 non
1085 3826 1188 3892 solum
1211 3828 1394 3912 testimonio
1422 3827 1600 3916 Phrynichi
1627 3852 1659 3919 p
1682 3827 1732 3914 24,
1755 3830 1796 3898 39
1823 3825 1943 3913 Bekk,
1976 3829 2035 3895 sed
2066 3831 2161 3918 etiam

365 3932 520 4000 derivatis
548 3932 696 4014 σκολισις,
724 3928 954 4018 σκαλιστήριον,
983 3929 1056 3994 aliie
1085 3927 1256 3996 stabilitur.
1307 3906 1424 3996 Usitat
1403 3939 1486 3996 tiore
1512 3931 1615 3998 verba
1641 3923 1763 4004 σκολλω
1792 3941 1825 3998 et
1853 3931 2001 4017 σκαλεύιι,
2028 3931 2159 4020 proprio

366 4057 465 4104 seusu
488 4034 529 4102 de
551 4033 719 4103 sarriendo
742 4033 795 4098 vel
817 4029 1009 4097 sarculando
1033 4029 1129 4116 dicta,
1152 4033 1406 4120 metaphorice
1396 4057 1430 4098 ιο
1444 4031 1552 4098 Latini
1566 4033 1661 4100 verbi
1682 4035 1827 4100 scrutari
1846 4043 2044 4122 potestatem
2060 4045 2163 4101 trans·

365 4137 481 4221 ierunt,
504 4139 545 4203 cf.
567 4135 712 4224 Hesych
741 4139 942 4203 ἕσκαλλονῑ
966 4131 1182 4223 ἀνεζητουν,
1168 4136 1414 4224 ανηριύνουν-
1444 4135 1724 4227 destiterat.
1747 4131 2040 4220 ,ἀνελογίζετα-
2071 4135 2163 4203 ἀνα-

367 4238 707 4316 σκαλεύοντεςι..
731 4239 955 4328 λρευνωνιις,
977 4235 1064 4307 EtM
1087 4239 1225 4322 385,14.
1247 4219 1754 4322 matemautensem...
1776 4237 2041 4329 ,ἐρευνήσανιεςς
2068 4238 2162 4308 Phot.

366 4345 528 4410 ἔσκαλεν
549 4341 626 4430 (leg.
650 4341 817 4422 ἐσκόλλινλι
847 4339 1058 4425 ἐσκάλιυεν,
1042 4365 1099 4432 apa
1086 4337 1172 4424 εὐνας
1202 4340 1292 4409 Suid.
1315 4345 1519 4409 ἕσκαλελον
1549 4343 1760 4427 ἐσκάλιυιν,’
1745 4341 1869 4430 ηρεύνα,
1902 4341 1955 4409 das
1957 4343 2039 4425 ζήτει
2062 4347 2161 4428 (quae

366 4443 478 4532 glossa
497 4445 640 4532 pertinet
660 4445 701 4512 ad
717 4444 834 4511 Psalm.
851 4445 900 4528 76,
917 4443 961 4532 7).
977 4481 1017 4491 -
1032 4442 1362 4514 dorcestriam..
1379 4499 1386 4512 .
1408 4441 1673 4528 ἀναλογιζόμενος.
1700 4443 1799 4532 Apud
1814 4447 2012 4514 recentiores
2028 4441 2164 4511 dracas·

366 4545 464 4618 λεύειν
485 4549 616 4636 saepius
639 4569 678 4612 eo
701 4569 801 4614 sensu
821 4547 950 4634 legitur.
988 4545 1073 4612 Hinc
1095 4550 1243 4638 σκαλίσας
1265 4545 1369 4629 θυμὸν
1390 4547 1525 4633 ἐμαυτοῦ
1546 4549 1742 4636 interpretor
1761 4551 1932 4632 „animaru
1950 4547 2054 4611 ἰιιιιιιιι
2073 4569 2163 4612 arra·

365 4647 484 4732 totaa‘,
507 4657 543 4712 ut
564 4645 697 4715 Tacitus
720 4649 805 4720 Hist.
827 4649 913 4733 4,55
935 4649 1019 4714 dixit
1006 4649 1095 4733 t„hi
1116 4651 1251 4715 seeretis
1275 4649 1478 4715 sermonibus
1501 4652 1625 4716 animos
1648 4661 1830 4717 ceterorum
1853 4649 2022 4718 serutari“.
2060 4650 2163 4740 Syna

366 4773 501 4840 nymum
527 4750 663 4818 verbum
692 4753 819 4841 ἐρευνᾶν
843 4751 1056 4840 perquirendi
1081 4751 1246 4818 notionem
1279 4752 1379 4819 habet
1404 4753 1484 4826 Eur.
1512 4753 1594 4822 Hec.
1624 4755 1706 4820 1174
1738 4749 1898 4820 duruit
1883 4753 2027 4843 ἐρευνῶν
2045 4763 2160 4835 τοῖχον.

367 4855 531 4922 Accusata
553 4877 632 4919 voro
656 4877 727 4922 eam
750 4857 953 4938 seutentiam,
977 4877 1073 4945 quam
1072 4843 1179 4920 hic
1170 4879 1203 4920 m
1225 4858 1407 4937 σκαλίζειν’
1398 4878 1506 4922 messe
1528 4855 1686 4942 volumus,
1710 4853 1864 4944 exprimit
1884 4853 2077 4941 ἐξεταζεινο.
2093 4877 2160 4922 acc.

367 4977 538 5045 personae.
581 4955 752 5027 Scrutatur
778 4969 887 5029 autem
914 4969 947 5026 et
973 4959 1098 5026 excutit
1126 4969 1250 5027 amator
1277 4960 1417 5027 anicium
1440 4981 1534 5026 suum
1555 4959 1865 5048 λιιιειιοςιοιλοω-
1900 4959 1939 5026 In
1961 4961 2024 5027 fiue
2047 4977 2160 5028 versus

368 5059 515 5128 mutilum
543 5060 659 5142 διιλεξε
624 5061 855 5148 ξλΖὶεςλοιο
884 5070 993 5132 aaron
1021 5070 1106 5128 teste
1137 5063 1270 5152 διὲλνξε)
1296 5062 1465 5149 Bergkius'
1488 5064 1663 5132 mutavit'
1654 5087 1688 5130 m
1710 5063 1902 5148 διελεξάμαν,
1928 5065 2016 5152 quod
2044 5061 2163 5148 reliqui

368 5171 550 5232 tenuerunt.
593 5163 759 5248 Dativum,
790 5187 887 5251 quem
909 5165 971 5230 hoc
993 5163 1131 5232 verbum
1152 5165 1296 5254 requirit,
1326 5173 1360 5232 et
1379 5165 1544 5252 Bergkius
1575 5174 1609 5236 ct
1635 5165 1826 5236 Schwabius
1852 5173 2080 5255 reposuerunt,
2107 5164 2162 5232 ille
