4984 5908
1255 405 1296 472 28

373 618 428 685 vel
451 619 635 700 Φιλόδημος,
656 615 766 682 inesse
781 616 1016 682 mutilationem
1031 613 1317 704 hypocoristioam,
1341 637 1441 704 saepe
1457 613 1767 702 congeminatione
1783 635 1947 686 consonae
1959 623 2179 710 conjunctam,

375 719 535 807 exemplis
565 718 671 787 allatis
700 718 796 784 docui
824 717 940 787 Philol.
969 717 1104 803 XXIII,
1131 717 1205 786 202.
1253 717 1299 783 Et
1324 719 1496 786 verissime
1531 717 1594 788 Th.
1621 715 1840 803 Fritnscbius,
1875 719 2096 807 pulcherrimo
2123 725 2180 794 illo

373 821 487 888 Iliadis
508 821 582 890 loco
604 827 637 906 Z,
660 822 720 886 146
743 829 941 907 comparato,
963 822 1107 886 restituit
1128 820 1260 908 φύὶλανς
1288 821 1375 887 idem
1396 822 1430 886 in
1452 818 1556 887 altero
1577 841 1678 886 versu
1701 841 1817 908 parum
1838 830 1934 889 caute
1956 834 2106 894 versatus
2129 837 2182 896 est

373 945 483 1012 neque
518 923 675 990 audacter
705 922 861 988 mutando
893 915 1110 1010 probabilem¹
1130 923 1329 987 sententiam
1359 923 1481 992 effecit.
1535 923 1610 1008 Ego
1636 922 1671 986 iu
1696 923 1761 988 line
1793 944 1909 990 versus
1938 947 2036 992 unam
2064 947 2181 995 vocem

374 1027 501 1113 perisse
523 1035 611 1091 ratus
633 1025 867 1092 mutationibus
888 1025 1021 1090 nonita
1042 1021 1230 1090 difficilibus
1244 1023 1395 1090 admissis
1410 1025 1539 1102 restitui
1558 1023 1698 1097 dailos.
1719 1013 1797 1090 ὦκα
1818 1026 1893 1114 (pro
1914 1026 1932 1092 ὁ
1955 1027 2070 1108 aanor
2090 1032 2181 1116 αἴκα)

374 1109 660 1218 ‹popeillodnoe¹
673 1130 709 1216 ΙΙ.
758 1127 864 1194 Notus
892 1127 1074 1195 sententiae
1098 1124 1164 1192 loci
1194 1124 1250 1192 vel
1276 1126 1397 1212 optime
1426 1126 1581 1195 convenit
1606 1134 1675 1193 tum
1701 1134 1838 1214 propter
1861 1127 2062 1214 violentiam,
2094 1130 2181 1196 nude

376 1230 498 1313 δυσαής
520 1229 628 1296 dietus
651 1229 715 1296 Od.
737 1253 761 1308 ε,
783 1229 856 1314 295,
886 1227 961 1310 ὀξύς
987 1225 1088 1316 Soph.
1109 1229 1164 1314 Aj.
1184 1227 1257 1313 258,
1284 1228 1443 1297 violentae
1466 1227 1560 1316 Virg.
1580 1227 1622 1296 A
1643 1229 1674 1313 6,
1694 1227 1768 1313 355,
1795 1238 1864 1296 tum
1892 1238 2026 1318 propter
2045 1241 2182 1316 aestum,

376 1329 463 1398 unde
485 1334 616 1419 tepidas
637 1331 701 1398 Ov.
722 1332 797 1400 Am.
820 1331 849 1414 1,
870 1331 900 1409 4,
924 1330 964 1394 12
987 1337 1021 1396 et
1040 1328 1128 1416 apud
1149 1327 1286 1398 Suidam
1305 1329 1370 1396 alio
1391 1331 1522 1397 nornine
1543 1327 1683 1415 καύσανς
1708 1330 1795 1398 bene
1815 1332 1916 1418 igitur
1937 1335 2069 1400 fervens
2091 1355 2182 1400 arnor

378 1457 452 1501 oum
473 1445 551 1500 noto
573 1444 789 1522 comparatur.
827 1432 970 1516 Ὀνέλαν,
998 1431 1134 1498 Aeolica
1156 1451 1216 1518 pro
1239 1430 1363 1516 ἀνελών,
1389 1432 1508 1500 eodem
1533 1453 1633 1498 sensu
1659 1453 1733 1498 cunr
1755 1441 1851 1522 φορεῖ
1872 1435 2024 1520 junctum
2045 1444 2096 1502 est
2117 1457 2182 1523 quo

377 1537 590 1626 ἀναρπάξασα
610 1536 730 1605 &dalla
751 1572 791 1584 —
814 1536 907 1624 φέρεν
929 1532 993 1618 Od.
1015 1537 1044 1618 δ,
1066 1533 1139 1618 515,
1161 1557 1186 1618 ε,
1206 1535 1279 1599 919.
1301 1542 1339 1619 ψ,
1361 1535 1433 1604 316.
1461 1572 1499 1584 -
1533 1533 1617 1600 cum
1636 1535 1809 1620 participio
1832 1537 1978 1617 δεύμενος
1999 1539 2073 1624 (pro
2095 1539 2182 1605 δευό-

376 1641 480 1728 μενος)
504 1663 524 1705 ε
545 1661 582 1705 εε
604 1639 754 1704 restituto
768 1635 935 1724 Bergkius
952 1637 1155 1724 comparavit
1169 1636 1325 1722 σεύμενος,
1349 1657 1413 1724 quo
1428 1657 1508 1702 usus
1523 1643 1575 1702 est
1588 1634 1784 1703 Parthenius
1799 1635 1839 1702 fr.
1853 1637 1894 1702 27
1909 1637 1964 1716 M„
1987 1639 2030 1710 cI.
2044 1638 2183 1706 Lobeck
2299 1629 2308 1640 ⁸

334 1739 336 1744 ’
377 1741 420 1807 ad
440 1741 562 1810 Buttm.
586 1739 645 1810 Gr.
665 1739 707 1804 Il'
720 1761 752 1826 p.
775 1741 804 1824 6,
828 1739 921 1826 cujus
945 1737 1105 1824 exemplis
1128 1735 1320 1804 Schwabius
1341 1759 1374 1824 p.
1397 1739 1437 1804 13
1458 1737 1544 1805 bene
1567 1737 1694 1804 addidit
1713 1739 2013 1821 pedpsbu'l’heocr.
2034 1741 2126 1826 XIV,
2143 1745 2181 1808 51

376 1865 435 1932 pro
457 1844 616 1928 γενόμεθα
633 1844 686 1928 ¹¹).
735 1840 893 1908 Servatur
920 1849 1029 1906 autem
1058 1839 1238 1905 secundum
1262 1847 1408 1906 nostram
1435 1841 1673 1906 restitutionem
1703 1841 1895 1930 metaphora
1920 1865 1941 1908 a
1961 1843 2039 1908 folio
2069 1843 2183 1911 dueta:

376 1969 455 2031 „rna
468 1946 594 2034 foliam
615 1947 784 2026 caducum,
806 1943 870 2008 levi
891 1965 980 2038 aare
1000 1964 1097 2029 opens
1117 1945 1180 2028 (sc.
1203 1949 1240 2006 ut
1260 1950 1440 2028 moveatur,
1463 1942 1495 2012 h.
1510 1966 1538 2009 e.
1560 1941 1648 2029 quod
1670 1941 1811 2008 vellavi
1832 1965 1912 2010 aura
1927 1931 2050 2032 agitari
2060 1953 2182 2033 potest)

376 2061 472 2115 notua
493 2047 638 2115 emeno
658 2049 782 2133 ropid‘,
805 2066 871 2132 qua
891 2045 1034 2132 imagine
1055 2042 1160 2126 θυμὸς
1180 2041 1304 2109 indicat
1326 2065 1362 2110 se
1384 2043 1515 2109 Amoris
1541 2045 1699 2131 impetum
1720 2045 1880 2112 sustinere
1901 2043 1967 2112 non
1989 2054 2098 2134 posse.

501 2151 617 2216 Restat
640 2157 678 2214 nt
707 2147 855 2214 dicamus
883 2145 924 2212 de
954 2143 1121 2232 strophioa
1149 2146 1394 2233 compositione,
1425 2167 1524 2233 qnam
1549 2145 1723 2212 I'ritnsobii
1750 2147 1785 2212 in
1810 2145 1873 2213 hoo
1900 2151 2043 2214 carmine
2071 2151 2180 2217 inesse

376 2253 565 2335 voluenmt,
594 2259 628 2318 et
652 2249 847 2316 Theodorus
875 2247 1008 2336 quidem
1035 2245 1178 2334 strophia
1205 2247 1355 2314 binorum
1383 2269 1538 2314 versuum
1566 2248 1758 2335 descriptis,
1790 2250 1971 2336 Arminius,
2001 2253 2058 2338 qui
2083 2271 2183 2316 unum

376 2377 508 2422 versum
536 2353 578 2418 de
605 2373 664 2418 suo
696 2351 831 2436 addidit,
857 2358 1034 2418 ternorum.
1084 2350 1191 2431 Quum
1220 2369 1333 2414 omnes
1360 2351 1513 2416 carminis
1545 2371 1661 2416 versus
1690 2373 1788 2438 pares
1815 2353 1895 2437 sint,
1927 2362 2061 2440 praeter
2086 2356 2184 2420 inter·

377 2459 570 2546 punctiones
592 2454 672 2520 nibil
701 2467 760 2539 est,
787 2451 875 2519 nnde
904 2451 946 2517 de
974 2451 1117 2539 strophis
1141 2451 1252 2540 colligi
1272 2452 1394 2538 possit;
1421 2451 1480 2518 sed
1501 2475 1543 2518 ne
1564 2452 1641 2519 iIlae
1663 2451 1797 2541 quidem
1818 2456 1954 2521 alteram
1974 2463 2080 2522 utram
2102 2455 2184 2521 divi-

377 2562 504 2626 sionem
530 2557 610 2625 satis
639 2555 877 2624 commendant.
925 2543 1068 2622 Accedit
1096 2553 1185 2642 quod
1214 2555 1359 2621 carmina
1386 2553 1555 2622 Theocriti
1581 2553 1720 2621 Aeolica
1748 2557 1915 2642 (alterum,
1942 2554 2031 2644 qnod
2059 2558 2183 2623 eisdem

378 2663 523 2728 num'eris
545 2659 776 2748 Asclepiadeie
796 2659 907 2739 utitur,
929 2657 971 2722 25
991 2677 1108 2724 versus
1130 2657 1284 2741 continet,
1307 2655 1445 2722 alterum
1464 2657 1521 2745 40)
1542 2677 1609 2722 non
1622 2666 1761 2744 possunt
1775 2680 1850 2724 cum
1864 2659 1930 2726 ulla
1945 2659 2183 2746 probabilitatis
2291 2683 2297 2698 ·

379 2765 491 2851 specie
514 2765 547 2830 in
570 2762 720 2852 strophas
741 2761 857 2850 redigi.
902 2761 1013 2842 Quare
1035 2781 1109 2826 cum
1130 2757 1272 2846 Bergkio
1294 2767 1329 2824 et
1350 2757 1525 2826 Schwabio
1546 2757 1690 2846 strophis
1711 2759 1864 2830 abstinui.

488 2963 535 3031 21)
555 2947 618 3016 Hoc
634 2958 755 3034 γεύμεθα
771 2977 826 3015 non
844 2978 904 3016 esse
922 2977 970 3031 pro
988 2954 1145 3030 γεγεύμεθα,
1171 2957 1242 3026 quod
1260 2955 1343 3026 vulgo
1362 2957 1487 3025 credibat,
1510 2958 1668 3012 Schwabiue
1690 2965 1765 3014 reete
1788 2959 1929 3026 intellexit,
1954 2959 2003 3013 sed
2020 2961 2184 3027 argumentis

366 3072 434 3108 ¹aron
452 3055 591 3110 stabilivit.
629 3057 742 3110 Omnem
760 3069 825 3108 vero
845 3053 1038 3108 dubitationem
1056 3051 1189 3120 praecidit
1207 3052 1377 3120 proverbium
1396 3049 1447 3121 μῦς
1465 3043 1526 3124 ἄρα
1543 3048 1635 3121 πίττης
1652 3045 1755 3118 γεύεται
1773 3051 1817 3106 vel
1837 3048 1886 3123 μῦς
1903 3049 1994 3122 πίττης
2008 3045 2071 3121 γεύῃ
2085 3052 2183 3104 Paros·

380 3149 490 3214 miogrr.
511 3147 583 3202 (iob.
602 3148 624 3213 1,
644 3147 707 3200 266.
727 3147 790 3200 875.
809 3147 847 3212 11,
867 3145 929 3211 189,
947 3144 1019 3198 unde
1037 3143 1224 3197 ‘Ibeocriteuur
1244 3140 1295 3212 μῡς
1312 3137 1433 3214 residebo
1450 3145 1548 3210 πίσσας
1567 3143 1700 3214 deflexum
1718 3148 1768 3198 est.
