4984 5908
1199 499 1219 564 9

1104 599 1305 613 -Ἀ

302 711 440 778 Restant
466 721 621 800 corrupta
648 720 693 781 τῶ
720 717 820 798 παιδί,
848 714 943 798 unde,
973 733 1071 802 quum
1100 713 1250 798 dactylus
1278 713 1491 796 desideretur,
1519 711 1606 776 haud
1632 712 1678 776 ita
1705 729 1824 795 magno
1853 709 1965 774 labore
1987 703 2109 775 πῶπαπι

305 815 426 900 elicias,
447 817 469 886 i.
492 838 521 886 e.
542 821 586 904 τῷ
609 813 719 897 ducas,
742 817 782 882 de
805 840 870 904 qua
888 839 972 884 voce
996 817 1037 885 ef.
1060 814 1208 902 Hesycb.
1230 805 1328 886 ὦπαε
1358 814 1444 900 ὄψις,
1473 813 1645 903 πρόσοψις,
1671 811 1850 900 πρόσωπον.
1895 810 2006 878 Genus
2029 831 2106 878 neu·

304 926 397 1002 trum,
421 917 509 1004 quod
529 919 574 988 M.
589 918 804 986 Schmidtium
826 917 951 1003 fefellit,
974 929 1105 1007 praeter
1126 920 1252 1005 priores
1274 919 1569 1006 interpretationes,
1591 917 1749 1005 patefacit
1770 913 1917 982 scholion
1938 913 1976 982 ll.
1991 919 2027 990 H,
2044 915 2105 980 212

305 1019 386 1104 ,ἀπὸ
408 1027 465 1103 τῆς
493 1021 683 1112 πρόσωπα
711 1023 838 1098 εὐθείας
865 1025 1015 1101 nauteam
1044 1023 1241 1112 προσώπατα
1267 1025 1320 1088 καὶ
1342 1023 1565 1110 προοώπασικ,
1592 1021 1625 1084 in
1648 1038 1713 1106 qun
1734 1025 1871 1104 apparet
1892 1019 2043 1092 Αλολικῶς
2064 1013 2104 1080 ad

304 1125 536 1190 nominativum
563 1125 719 1208 πρόσωπα
746 1127 911 1212 pertinere
948 1125 1036 1214 (fort.
1066 1126 1243 1214 Αἰολικῆς),
1277 1146 1341 1189 non
1369 1124 1410 1189 ad
1439 1145 1534 1190 casus
1561 1123 1637 1186 inde
1668 1120 1826 1190 deflexos.
1879 1120 2104 1186 Conferendus

302 1233 413 1292 autem
432 1225 577 1294 Joannes
601 1227 659 1298 (ir.
681 1227 722 1292 de
746 1227 819 1294 dial.
842 1228 945 1312 Aeol,
969 1229 1080 1316 quiin
1100 1229 1195 1297 Hert.
1219 1227 1282 1297 Ad.
1305 1227 1327 1300 f.
1350 1227 1432 1292 24412
1458 1229 1544 1292 inter
1570 1227 1662 1291 varia
1693 1223 1921 1310 geminationis
1944 1222 2102 1288 Aeolicae

303 1327 491 1418 exempla⁴)
519 1329 614 1418 affert
640 1329 822 1416 ,πρόσωπα
849 1334 1070 1421 προσώπαταιι
1097 1333 1145 1419 (in
1171 1330 1320 1418 Append.
1349 1329 1448 1398 Thes.
1472 1325 1584 1416 Steph.
1607 1351 1638 1414 p.
1661 1328 1743 1396 322b
1772 1327 1822 1396 ed.
1848 1327 1923 1394 Par.
1951 1327 2106 1413 πρόσωπα

302 1431 505 1521 προσώππα),
526 1431 583 1498 ubi
604 1435 709 1520 primo
732 1433 847 1500 obtutu
868 1421 1047 1501 credideris
1070 1433 1259 1522 ,πρόσωπον
1280 1434 1472 1519 πρόοοππα“
1493 1434 1649 1518 scriptum
1671 1433 1783 1514 fuisse,
1813 1438 1849 1496 ut
1871 1429 1933 1494 hoc
1960 1429 2105 1493 testimo·

303 1535 392 1598 ninm
413 1556 434 1598 a
455 1533 580 1600 scholio
601 1533 779 1602 Homerico
810 1538 881 1602 sola
908 1539 999 1602 vocis
1022 1537 1178 1603 Aeolicae
1205 1537 1465 1622 pronuntiatione
1494 1535 1631 1604 diderat.
1675 1533 1782 1598 Altius
1804 1542 1911 1598 tamen
1934 1531 2105 1618 quaerenti

303 1635 337 1701 in
362 1643 453 1701 tenta
474 1635 576 1704 libelli
595 1637 736 1704 Joannei
758 1641 965 1728 corruptione
993 1637 1161 1728 probabile
1185 1637 1357 1721 videbitur,
1387 1639 1563 1724 genuinam
1584 1636 1670 1702 illius
1693 1635 1837 1724 exempli
1858 1635 1994 1702 formam
2017 1633 2101 1698 hanc

303 1737 373 1804 iere
393 1738 509 1804 fuisse:
538 1739 608 1808 ἀντὶ
628 1748 684 1808 τοῦ
709 1731 792 1808 ὦπα
813 1743 851 1809 τὸ
874 1745 1044 1833 πρόσωπον
1066 1740 1182 1810 duno.
1225 1741 1291 1806 Rea
1308 1741 1393 1806 enim
1417 1742 1463 1808 sic
1487 1763 1523 1806 es
1546 1740 1667 1808 habere
1690 1738 1829 1806 videtur.
1865 1735 2022 1819 Fuerunt,
2045 1735 2102 1822 qui

301 1839 494 1908 Homericae
516 1841 636 1908 formas
663 1843 861 1932 προσώπαπα
885 1846 949 1916 Od.
972 1865 1001 1928 o,
1025 1846 1085 1912 192
1115 1847 1147 1911 et
1169 1845 1358 1934 προσώπασι
1379 1843 1417 1912 Il.
1440 1848 1474 1926 tl,
1497 1843 1559 1906 212
1589 1841 1631 1906 ad
1661 1839 1860 1926 singularem
1884 1837 1922 1904 ad
1945 1836 2103 1926 πρόσωπα

301 1953 497 2010 revocarent
520 1945 572 2033 (ut
594 1945 801 2014 Herodianus
824 1971 874 2036 ap.
889 1948 1039 2016 Eustath.
1055 1948 1127 2032 677,
1142 1948 1183 2013 28
1205 1947 1247 2012 ad
1269 1947 1465 2036 πρόσωπας),
1489 1945 1574 2010 hune
1594 1965 1683 2024 vero,
1708 1945 1800 2031 cujus
1823 1943 1926 2030 ipsius
1950 1939 2104 2027 exempla

302 2045 447 2130 deerant,
471 2045 589 2116 collate
608 2071 692 2116 voce
715 2050 855 2138 simplici
870 2051 908 2118 ab
931 2041 1059 2118 dun:
1073 2045 1158 2136 duria
1180 2051 1350 2136 πρόσοψις,
1371 2051 1541 2136 πρόσωπον
1562 2055 1754 2115 tutarentur.
1787 2047 1837 2111 Eo
1860 2047 2000 2110 fortasse
2020 2042 2074 2108 rei
2093 2079 2103 2092 ·

301 2148 422 2216 rendae
456 2159 531 2214 sunt
559 2150 643 2218 dnae
665 2151 826 2242 Hesychii
846 2154 998 2242 glossae:
1035 2152 1266 2240 πρόσωπονε
1298 2152 1335 2220 τὸ
1365 2151 1542 2242 πρόσωπον.
1577 2149 1721 2238 Ὅμηρος
1744 2156 1777 2214 et
1798 2147 1954 2234 deinceps
1982 2164 2102 2232 προσ·

302 2249 399 2334 dan:
426 2251 594 2342 πρόσοψις.
627 2254 782 2321 >Priorem
814 2279 880 2322 non
901 2280 1014 2323 sanam
1043 2279 1117 2322 esse
1139 2258 1212 2343 ipsa
1232 2258 1356 2343 ineptia
1376 2257 1493 2342 arguit,
1517 2273 1702 2340 quanquam
1725 2251 1768 2316 M.
1792 2249 1999 2326 Schmidtius,
2029 2249 2102 2314 loco

301 2354 476 2422 Homerico
499 2359 531 2435 Σ,
552 2357 595 2424 24
616 2360 777 2445 apposito,
802 2383 873 2425 eam
895 2361 993 2426 tacite
1016 2359 1181 2437 toleravit3
1203 2360 1236 2422 in
1258 2359 1361 2425 altera
1375 2359 1463 2424 idem
1478 2357 1635 2423 audacius
1652 2351 1784 2436 danari
1800 2353 1979 2440 proposuit,
2003 2373 2102 2438 quum

300 2456 461 2541 Albertue
478 2460 632 2550 προσαπή
654 2461 823 2546 voluisset,
847 2485 931 2549 quae
953 2484 1021 2528 vox
1043 2460 1173 2527 aliunde
1196 2483 1260 2526 non
1283 2463 1415 2548 cognita
1436 2462 1640 2548 aliquetenus
1655 2458 1777 2523 firmari
1791 2455 1922 2522 videtur
1938 2453 2102 2520 Eustnthii

299 2582 331 2646 p.
354 2561 445 2643 1106,
468 2561 509 2625 22
529 2563 714 2629 testimonio
744 2565 786 2631 de
815 2570 985 2650 ,ποτῶπαν
1011 2559 1084 2646 ἤτοι
1103 2564 1274 2654 πρόσωπον
1294 2562 1375 2630 κατὰ
1398 2545 1556 2652 ananeel,
1586 2562 1778 2648 praesertim
1800 2581 1900 2646 quum
1921 2557 1979 2624 πὰν
2001 2562 2102 2623 ποιῶ·

301 2683 363 2728 παν
376 2693 418 2720 =
432 2663 603 2752 πρόσωπον
623 2665 712 2752 apud
733 2667 1066 2754 Pseudo-Phintyem
1079 2667 1320 2754 Pythagoream
1337 2667 1427 2734 Stob.
1440 2666 1490 2734 ΡΙ.
1503 2667 1551 2748 74,
1564 2667 1602 2730 61
1618 2687 1650 2752 p.
1662 2665 1733 2746 445,
1747 2664 1766 2728 8
1788 2661 1925 2748 legatur.
1960 2659 2101 2726 Codices

299 2775 408 2831 tamen
422 2765 463 2834 A.
478 2766 516 2836 B.
533 2789 632 2854 quum
655 2767 836 2855 praebeant
857 2769 924 2837 ποι)
952 2760 1023 2837 ὦπα
1044 2771 1165 2853 (Trina.
1180 2761 1364 2858 ποιοῦσαν),
1384 2768 1573 2834 Lobeclrius
1596 2764 1838 2852 pentaptota
1860 2771 1951 2829 recte
1968 2765 2102 2832 ποτῶπα

301 2891 322 2934 a
341 2868 541 2936 nominativo
563 2870 679 2956 ποπώψ
699 2893 881 2960 agnoscere
904 2874 1044 2956 videtur,
1067 2874 1131 2937 nisi
1153 2873 1251 2938 etiam
1272 2874 1382 2938 verius
1406 2880 1457 2938 est
1476 2870 1517 2937 τὰ
1533 2871 1674 2954 πότωπα,
1697 2869 1784 2956 quod
1800 2865 2006 2934 Gaisfcrdiue
2029 2887 2101 2952 pro·

299 2972 419 3057 poenit.
467 2971 660 3042 Euetatbiue
688 2997 784 3058 vero,
811 2977 875 3041 nisi
900 2975 1005 3062 fallor,
1033 2978 1137 3063 ipsam
1167 2976 1253 3041 illam
1286 2976 1400 3042 falsam
1429 2975 1602 3041 lectionem
1630 2973 1717 3059 apud
1744 2971 1916 3058 Pbintyem
1943 2969 2100 3055 respexit.

300 3073 528 3161 Hesychianae
556 3086 665 3144 autem
692 3078 763 3144 illae
793 3080 921 3166 glossas
939 3081 983 3144 'in
1013 3079 1098 3145 bunc
1120 3079 1252 3146 modurn
1281 3077 1526 3166 conjungendas
1551 3086 1583 3142 et
1605 3073 1815 3163 corrigendas
1839 3095 1913 3140 ease
1937 3073 2100 3158 suspicor:

301 3178 505 3264 πρόοωπαι
533 3178 572 3244 ud
599 3181 771 3266 πρόσωπον
789 3181 933 3270 Ὅμηρος
960 3182 1045 3268 παρὰ
1073 3183 1111 3250 τό
1140 3173 1224 3250 ὦπα
1250 3182 1270 3266 ἡ
1298 3182 1465 3270 πρόσοψις.
1501 3153 1588 3246 ¹Hoc
1616 3201 1695 3245 vero
1721 3180 1875 3266 πρόσωπα
1900 3198 1965 3242 non
1994 3177 2101 3261 ipsum

301 3279 473 3346 Aeolicum
495 3302 570 3348 εσσε
594 3284 829 3368 existimarunt,
857 3297 895 3348 ut
916 3309 934 3350 e
957 3285 1080 3351 scholio
1109 3287 1284 3354 Homerico
1312 3286 1420 3351 videri
1441 3293 1559 3371 potest,
1589 3283 1660 3364 sed,
1690 3281 1778 3370 qnod
1801 3305 1819 3346 e
1841 3280 1969 3347 Jcanne
1992 3277 2101 3362 colligi

301 3391 419 3467 potest,
451 3385 522 3470 ejus
549 3387 689 3473 simplex
718 3376 789 3454 ὦπα
816 3409 891 3453 cum
918 3389 1053 3454 Aeolico
1081 3387 1170 3457 ὅππα
1198 3399 1468 3475 composuerunt,
1499 3405 1684 3474 quenquam
1712 3384 1772 3450 hoc
1800 3382 1898 3470 vulgo
1925 3404 1984 3469 pro
2013 3379 2100 3462 ὄμμα

303 3505 377 3550 sees
400 3485 638 3575 dicituridque
660 3490 748 3577 apud
769 3491 876 3576 ipsum
899 3491 1059 3558 doannem
1090 3493 1197 3577 (Diali.
1220 3492 1326 3576 1,6e)‚
1356 3499 1389 3555 et
1404 3513 1455 3556 ·eo
1486 3512 1585 3555 sensu
1611 3488 1698 3575 apud
1721 3485 1929 3574 Sapphonem
1953 3485 1982 3564 2,
2005 3486 2042 3548 ll
2066 3483 2099 3546 in

301 3585 393 3651 libris
415 3588 568 3654 traditum
591 3599 688 3676 ew).
738 3593 897 3660 Neutrum
920 3617 998 3660 vero
1027 3585 1098 3662 ὦπα
1120 3594 1372 3680 comparandum
1396 3604 1447 3658 est
1468 3615 1541 3658 cum
1564 3587 1678 3678 ἄλειψα
1701 3589 1818 3679 (altera
1836 3591 1943 3654 forma
1964 3583 2098 3674 ἄλειφαρ

301 3691 406 3756 minue
440 3701 491 3758 est
518 3692 661 3783 firmata)
688 3705 721 3764 et
748 3718 820 3764 curn
849 3696 927 3785 ὕφα,
957 3700 1050 3786 cujus
1079 3699 1170 3775 vocis
1199 3697 1281 3764 haec
1309 3695 1379 3762 sola
1405 3699 1509 3762 torma
1531 3719 1550 3760 a
1572 3695 1793 3782 grammaticis
1817 3697 2096 3770 commemoratur,
2171 3756 2176 3765 ,

408 3927 550 3993 4)'1'otnm
578 3933 687 3986 loannis
711 3939 884 4002 praeceptum
909 3935 936 3986 in
960 3935 996 3987 Η.
1015 3935 1066 3987 Ad.
1092 3937 1131 3988 etc
1150 3935 1263 4003 legitur:
1291 3931 1396 4002 λέγουσι
1420 3931 1450 3986 δὲ
1474 3928 1508 3986 τὰ
1531 3931 1625 3986 aeteva
1650 3925 1865 3994 διπλασιάζσιπες
1891 3928 1956 3993 (leg.
1977 3925 2096 3996 πλείονα,

299 4017 391 4088 sapa.
416 4021 572 4089 „complura
597 4022 684 4076 a'ntern
702 4025 867 4094 geminant‘)
891 4024 986 4090 οἵτινες
1004 4023 1112 4092 olitanae
1131 4028 1195 4094 (leg.
1215 4020 1334 4095 ὄιτινες),
1359 4022 1452 4095 σελήνη
1469 4020 1581 4079 ualidae
1600 4025 1692 4092 (quum
1712 4022 1793 4074 Diali.
1814 4019 1886 4086 1,Θὸ
1905 4015 2018 4072 σελάισα
2036 4033 2098 4086 pro«

298 4112 456 4182 potuissem,
481 4117 665 4182 pertrahens
690 4119 749 4184 ipse
770 4117 856 4170 forma
880 4118 993 4187 Aeolica
1019 4119 1118 4189 saper.
1138 4121 1172 4172 52
1198 4123 1226 4172 iu
1250 4119 1344 4184 codice
1369 4121 1478 4171 inventa
1503 4105 1567 4185 e'st),
1592 4111 1723 4188 πρόσωπα
1748 4108 1922 4187 προσώπατα,
1952 4093 2097 4163 retinebar

297 4197 716 4298 adrmaeor,qbrrc'der'drmddav‚
734 4207 832 4262 καταδὲ
851 4205 1039 4278 (strepuerunt
1058 4208 1098 4276 δὲ)
1117 4208 1209 4280 καδὸέ,
1228 4203 1269 4264 ὅτι
1284 4201 1347 4264 δια.
1958 4207 1961 4216 ’

408 4315 436 4376 5)
448 4305 547 4370 ’Ὁππα
565 4335 659 4370 revera
676 4317 816 4372 Aeolicum
835 4337 894 4374 esse
913 4339 960 4393 pro
980 4303 1041 4374 dnn
1061 4339 1152 4391 parum
1174 4322 1301 4374 credibile
1321 4329 1370 4393 cst,
1390 4337 1469 4390 qnam
1489 4319 1599 4372 Aeolica
1619 4333 1750 4369 consonae
1766 4317 1911 4382 geminatio
1928 4330 1975 4382 pro
1991 4313 2097 4380 vulgari

298 4407 471 4472 productione
495 4407 598 4460 vocalis
620 4409 648 4459 in
672 4409 736 4463 solis
760 4411 869 4482 liquidis
894 4422 1036 4484 spectetur.
1079 4416 1115 4468 At
1133 4388 1331 4468 assimilatidnis
1356 4413 1422 4465 illud
1448 4429 1531 4479 genus
1550 4409 1698 4474 Aeolicum,
1722 4407 1794 4476 quod
1821 4408 2002 4474 comparatio
2021 4395 2097 4458 ὅππα

298 4513 346 4566 pro
365 4491 440 4570 ὄμμα
460 4499 504 4564 (ex
522 4491 630 4570 ὀπ-μα),
656 4491 758 4554 dianna
776 4522 824 4573 pro
845 4497 954 4576 ἄλιμμα,
980 4505 1050 4574 quod
1070 4507 1140 4558 EtM.
1161 4507 1205 4570 64,
1225 4507 1259 4556 14
1280 4515 1506 4568 commemoratur,
1532 4513 1559 4555 et
1576 4499 1682 4577 γρόππα
1701 4519 1748 4570 μισ
1767 4495 1883 4571 γράμμα,
1908 4516 1960 4567 ραο
1979 4497 2097 4548 Balbilla

298 4603 347 4640 usa
366 4597 406 4643 set
425 4591 455 4644 O.
475 4593 497 4644 Ι.
516 4608 555 4642 nr.
572 4591 644 4642 1725
663 4591 733 4646 1.14
753 4601 780 4646 et
799 4612 838 4646 nr.
854 4596 925 4646 4730
944 4596 962 4647 l.
981 4595 1023 4660 14,
1042 4615 1106 4650 sane
1126 4601 1219 4651 mirum
1239 4605 1287 4650 est.
1326 4599 1403 4664 Quid,
1424 4599 1447 4650 si
1467 4597 1525 4665 quis
1545 4597 1679 4663 conjiciat,
1698 4595 1834 4661 antiquam
1853 4594 2009 4660 scripturam
2026 4585 2096 4640 Ol'lA

298 4697 345 4750 pro
371 4663 431 4733 dau
453 4699 546 4751 pamm
574 4689 648 4735 recte
668 4701 684 4736 a
703 4686 826 4751 librariis,
847 4689 893 4754 qui
917 4687 996 4756 primi
1023 4693 1160 4758 poetarum
1179 4691 1348 4744 Aeolicornrn
1374 4707 1455 4759 opera
1484 4691 1518 4741 ad
1537 4689 1710 4740 recentiorem
1736 4703 1812 4737 naum
1840 4685 2000 4751 redigerent,
2019 4672 2096 4732 ὄππα

296 4771 394 4824 iseum
415 4789 481 4838 esee,
500 4775 571 4844 quod
593 4775 732 4830 Aeolicam
752 4795 811 4830 eam
831 4794 889 4832 esee
909 4781 982 4832 vocis
1001 4772 1076 4852 ὄμμα
1095 4785 1205 4835 formam
1224 4784 1281 4852 rati,
1307 4783 1468 4849 geminatam
1489 4795 1632 4833 consonam
1652 4779 1843 4841 desiderarent,
1866 4781 1960 4847 postea
1977 4789 2041 4825 vero
2059 4771 2094 4824 ad

297 4863 375 4932 hujus
399 4864 599 4920 similitudinem
624 4869 658 4921 ab
677 4869 848 4924 Aeolensium
867 4873 1050 4938 imitatoribus,
1077 4875 1163 4941 qualis
1181 4875 1231 4926 tuit
1250 4872 1375 4942 Balbilla,
1395 4867 1496 4927 ἄλιππα
1515 4880 1542 4926 et
1559 4867 1668 4946 γρόππα
1683 4869 1746 4923 licta
1761 4873 1840 4926 esse?
1879 4868 1928 4921 Oui
1947 4865 2094 4934 suspicioni

297 4955 416 5010 subsidio
440 4962 488 5021 eet,
506 4959 581 5024 quod
597 4961 756 5028 ¹Hesychius
774 4963 950 5016 Aeolensibus
974 4963 1118 5032 (siquidem
1142 4975 1215 5018 recte
1234 4963 1338 5031 Αἰολεῖς
1362 4984 1410 5035 pro
1429 4963 1539 5029 Νεολεῐς
1564 4968 1699 5033 scripturn,
1723 4980 1773 5016 nec
1788 4966 1869 5016 video
1888 4957 2093 5030 probabiliorem

297 5047 498 5114 emotionem)
518 5039 594 5120 depe
612 5070 659 5120 pro
678 5046 753 5125 ὄμμα
773 5056 873 5119 tribuit,
893 5059 936 5110 cui
954 5058 1091 5109 simillime
1109 5065 1170 5111 eunt
1188 5056 1291 5128 οτίθμα
1311 5065 1338 5110 et
1355 5053 1474 5132 γράθμα,
1501 5075 1570 5126 quae
1589 5058 1705 5110 dialecto
1723 5073 1777 5110 non
1795 5057 1915 5109 indicata
1933 5066 2092 5104 commemo·

294 5145 392 5205 tantur,
416 5157 464 5210 pro
488 5138 589 5212 πέμμα
608 5149 635 5195 σ1
652 5139 767 5217 γράμμα,
791 5148 845 5200 vid.
865 5149 946 5202 Dtall.
967 5151 1004 5215 11,
1023 5150 1085 5202 601.
1129 5152 1165 5202 nt
1183 5152 1250 5202 haec
1276 5151 1383 5219 quidem
1402 5149 1542 5203 Aeolidem
1566 5153 1681 5219 rapiunt,
1711 5151 1809 5219 quippe
1829 5163 1899 5216 quae
1918 5147 2092 5214 aspiraturum

296 5235 482 5297 permutationi
500 5234 590 5287 invest
608 5235 691 5288 Diall.
708 5237 732 5302 1,
750 5237 795 5292 42.

1762 5327 1782 5393 2
