4984 5908
1186 380 1225 454 13

305 595 592 686 grammaticorum
615 595 683 675 iota
701 598 814 669 addito
834 601 904 688 0ῳή
928 599 1133 673 scribebatur
1155 602 1300 690 (praeter
1321 599 1568 687 Theognostum
1594 599 1670 668 vide
1693 623 1775 689 quos
1798 602 1893 673 affert
1912 597 2101 672 Lobechius

305 699 433 786 Pathol.
452 701 542 790 140),
569 701 671 790 idque
696 704 820 770 rectius
849 713 886 768 ut
906 703 1046 788 videtur,
1067 707 1184 791 Tquum.
1197 701 1414 774 Archilochus
1437 703 1485 773 fr..
1499 705 1559 770 108
1587 703 1758 790 trisyllaba
1783 707 1891 791 torma¹
1915 710 1996 798 ξοντ’
2025 729 2103 774 usus
2163 695 2167 707 ’

308 806 361 888 εἰ),
382 803 561 874 accedente
583 813 755 894 praeterea
777 808 902 894 antiqui
922 807 1008 875 tituli
1028 806 1167 892 Locrici,
1198 806 1239 873 de
1262 826 1326 894 quo
1349 828 1426 873 mox
1449 807 1604 890 dicemus,
1627 807 1830 887 auctoritate.
1873 810 2004 902 Deinde
2027 791 2104 876 uta

307 906 521 994 Theognosto
539 908 584 974 ita
606 906 648 974 ab
670 909 743 974 aliie
764 908 849 997 ἀλωὴ
871 909 1044 996 probatum
1066 918 1118 976 eet
1137 921 1273 997 propter
1293 909 1431 994 uerbum
1450 907 1564 977 61οιᾶν
1585 909 1661 976 inde
1685 909 1872 1002 deductum
1894 913 1960 1000 vii.
1982 913 2102 1000 Heyne

305 1008 346 1076 ad
369 1009 461 1084 Iliad.
484 1010 523 1076 Τ.
539 1009 579 1094 V,
595 1011 637 1078 99
658 1021 693 1080 et
712 1011 850 1078 Lobcok
871 1011 998 1078 Pathol.
1020 1035 1051 1098 p.
1073 1015 1136 1078 455
1155 1021 1222 1082 not.
1238 1011 1294 1096 325
1315 1033 1423 1100 neque
1445 1034 1519 1080 raro
1542 1014 1588 1080 itu
1607 1013 1642 1078 in
1662 1011 1757 1101 bonis
1778 1013 1871 1080 libris
1893 1023 1929 1080 ut
1943 1017 1978 1100 in
1991 1014 2102 1082 Iliadis

301 1111 432 1181 Veneto
454 1117 489 1196 N,
510 1113 584 1181 588.
605 1117 638 1197 Σ,
659 1114 732 1182 561.
754 1115 826 1184 566.
849 1120 884 1199 Φ,
906 1115 956 1184 ll.
977 1115 1040 1182 346
1067 1123 1101 1180 et
1129 1116 1162 1182 in
1182 1113 1400 1202 Anthologiac
1423 1114 1571 1180 Palatino
1592 1115 1653 1200 ΙΧ,
1675 1116 1726 1180 99.
1768 1115 1922 1202 Denique
1943 1119 1978 1184 in
1999 1120 2101 1206 ipsius

302 1213 471 1282 Theocriti
497 1215 602 1284 altero
629 1218 773 1284 carmine
795 1216 931 1284 Aeolico
952 1241 1001 1286 vs.
1023 1219 1044 1282 5
1072 1218 1194 1304 legitur
1222 1220 1309 1297 ζοΐας
1338 1221 1483 1304 (praeter
1499 1217 1674 1286 ‚diaeresin
1702 1216 1810 1285 vocali
1840 1209 1991 1310 correpta
2012 1230 2048 1286 ut
2069 1222 2103 1288 in

302 1319 378 1402 ζόης
400 1319 525 1387 ibidem
545 1341 594 1388 ve.
616 1320 683 1404 20),
713 1339 899 1408 quanquam
926 1317 989 1407 ζωὴ
1019 1341 1093 1386 cum
1114 1321 1181 1386 iota
1201 1329 1286 1389 teste
1308 1320 1477 1386 Lobeclrio
1498 1319 1625 1410 Pathol.
1647 1342 1680 1408 p.
1701 1321 1762 1386 441
1790 1343 1950 1409 nusquam
1972 1323 2102 1410 legitur.

304 1420 365 1486 His
387 1423 488 1508 igitur
510 1423 606 1510 ἐρωίο
625 1443 685 1510 pro
708 1421 788 1512 ἐρωὴ
812 1424 890 1490 eatis
913 1423 1033 1490 firmari
1054 1422 1194 1507 videtur,
1215 1423 1314 1510 idque
1337 1423 1380 1488 ad
1395 1422 1563 1490 Aeolicam
1585 1423 1818 1510 proprietatem
1832 1423 1981 1516 relatum,
2003 1449 2100 1514 quum

303 1522 385 1590 haec
407 1526 612 1612 potissimum
634 1525 793 1594 dialectos
817 1526 980 1599 diaeresin
1001 1527 1161 1594 amaverit
1184 1525 1296 1610 (Diall.
1318 1526 1388 1614 15.
1412 1526 1476 1614 18),
1499 1547 1606 1613 neque
1629 1531 1752 1592 temere
1771 1527 1938 1614 Bergkiue
1962 1529 2003 1594 de
2022 1531 2102 1596 anti·

304 1647 370 1714 qua
396 1629 572 1714 scriptione
602 1628 683 1718 ἐρῳή
715 1631 899 1716 suspicatus
931 1638 990 1713 est,
1020 1649 1206 1715 quanquam
1235 1629 1306 1715 ejus
1336 1627 1425 1694 nulla
1446 1629 1510 1694 alia
1531 1627 1673 1715 vestigia
1695 1637 1817 1698 extant
1860 1629 2015 1698 Attamen
2038 1631 2103 1698 alia

305 1731 451 1817 suspicio
472 1729 645 1801 suboritur.
690 1731 777 1798 Olim
799 1729 1036 1820 enimlPhilol.
1053 1731 1109 1818 VI,
1127 1735 1143 1796 1
1161 1733 1269 1822 seqq.)
1293 1731 1400 1814 docui,
1422 1730 1561 1820 pluralia
1582 1733 1686 1812 δμωαὶ
1707 1741 1741 1796 et
1755 1735 1860 1821 Τρωαὶ
1881 1755 1980 1820 quum
2001 1731 2101 1822 vulgo

303 1832 347 1898 ad
365 1831 546 1920 singularia
566 1835 654 1916 δμωὴ
678 1843 711 1900 et
726 1833 817 1924 Τρωτ)
838 1833 1030 1918 referantur,
1052 1833 1148 1922 hujus
1171 1835 1369 1922 singularem
1392 1834 1566 1923 (neglectis
1588 1836 1875 1922 grammaticorum
1894 1837 2100 1926 commentis)
2134 1835 2137 1846 '

303 1956 464 2023 nusquam
485 1937 561 2023 legi,
586 1936 674 2019 δμων)
696 1959 776 2003 vero
798 1936 892 2024 apud,
908 1937 1108 2012 recentiores
1131 1945 1256 2004 tanturn
1277 1944 1391 2025 poetas
1415 1937 1525 2020 Quint.
1547 1934 1616 2002 Sm.
1635 1937 1665 2020 5,
1680 1937 1744 2004 560
1765 1946 1799 2004 et
1817 1936 1964 2008 Marcell.
1986 1939 2020 2004 in
2033 1940 2101 2028 Ap-

303 2039 401 2126 pend.
422 2035 521 2108 Anth.
544 2039 614 2110 Pal.
635 2040 687 2123 bt),
708 2040 764 2124 253
792 2037 910 2104 deinde
938 2039 1071 2105 easdem
1101 2061 1200 2106 voces
1223 2041 1344 2106 rectius
1374 2041 1441 2105 iota
1461 2039 1573 2105 addito
1595 2041 1698 2126 δμῳαὶ
1720 2047 1754 2105 et
1774 2043 1880 2131 Τρῳαὶ
1901 2041 2017 2128 scribi;
2045 2064 2100 2129 po-

302 2151 422 2210 stremo
444 2142 604 2230 genuinas
627 2141 800 2230 singularis
822 2143 943 2208 formae
966 2139 1065 2230 δμῷα
1080 2151 1113 2207 et
1129 2147 1223 2232 Τρῷα
1245 2163 1318 2218 esse
1340 2143 1456 2228 videri,
1479 2165 1616 2230 quarum
1638 2152 1793 2209 accentus
1816 2142 1996 2211 secundum
2019 2146 2101 2210 anti-
2125 2207 2130 2218 ,

303 2269 400 2336 quam
426 2225 533 2332 legein
563 2247 596 2310 in
622 2246 821 2313 nominativo
851 2255 884 2312 ct
909 2245 1056 2332 genitivo
1085 2247 1258 2332 singularis
1290 2255 1324 2312 et
1350 2255 1418 2312 toto
1444 2243 1562 2334 plurali
1589 2245 1825 2332 καταβιβαομόν
1845 2267 1963 2334 passus
1986 2247 2037 2334 sit,
2064 2257 2100 2312 ut

301 2349 393 2438 apud·
409 2349 589 2416 Homerum
618 2348 710 2436 Sing.
737 2347 779 2418 N.
802 2344 902 2432 ἄνοια,
933 2345 1113 2432 (1.6γαιής,
1141 2348 1183 2414 D.
1207 2347 1306 2436 ἀγυιῇ,
1333 2349 1373 2414 A.
1395 2346 1513 2434 ἄγυιαν,
1539 2347 1628 2418 Plur.
1651 2347 1766 2434 ἀγυιαί,
1794 2347 1937 2434 otardus,
1966 2349 2100 2438 ἀγοιῇαι,

301 2451 418 2537 ἀγυιάς.
466 2450 513 2518 Ut
539 2471 618 2518 vero
646 2459 772 2518 mature
794 2449 889 2522 Nom.
911 2447 1003 2534 ἀγυιά
1025 2459 1059 2517 et
1079 2451 1159 2516 Ace.
1183 2449 1291 2537 optes
1318 2451 1430 2542 (longo
1453 2451 1488 2540 α)
1510 2449 1544 2516 in
1565 2471 1660 2518 usum
1681 2451 1838 2536 venerint,
1870 2474 1953 2540 quae
1975 2453 2097 2520 formae

301 2578 376 2624 cum
396 2553 530 2642 reliquis
561 2552 692 2620 canibus
719 2551 835 2620 melius
866 2553 1038 2620 concinere
1065 2552 1266 2640 viderentur²
1297 2555 1344 2620 ita
1366 2578 1384 2620 e
1405 2551 1523 2642 plurali
1550 2555 1653 2641 δμῳαὶ
1680 2553 1957 2621 crecentioribus
1987 2555 2098 2622 lictum

301 2681 375 2750 esse
398 2655 597 2746 singularem
619 2657 718 2742 δμωι),
740 2677 826 2743 quae
846 2677 913 2724 vox
935 2679 1040 2744 aeque
1063 2679 1102 2722 ac
1115 2657 1212 2748 ΙΤρωὴ
1226 2659 1303 2746 jure
1326 2655 1461 2726 abacta
1483 2679 1607 2724 canone
1629 2647 1684 2722 illo
1706 2653 1927 2744 Herodianeo.
1970 2655 2097 2726 Eodem

300 2783 380 2831 vero
402 2755 499 2830 modo
520 2756 591 2846 9ῳή
614 2782 657 2826 ex
678 2759 860 2848 antiquiore
879 2763 953 2847 θῷα
983 2767 1095 2827 natum
1125 2782 1199 2826 esse
1228 2759 1422 2828 documento
1451 2768 1501 2824 est
1527 2759 1771 2846 antiquissimus
1794 2759 1906 2825 titulus
1927 2758 2096 2848 Locricus,

300 2887 396 2954 quem
418 2872 494 2951 post
516 2860 773 2930 Oeconomidem
794 2860 930 2928 Roscius
959 2862 1115 2950 singulari
1140 2861 1251 2928 libello
1279 2863 1391 2930 edidit.
1433 2858 1518 2930 Nam
1540 2861 1587 2927 ibi
1607 2867 1642 2948 A,
1665 2861 1685 2927 9
1707 2863 1867 2930 oomnro
1895 2885 1960 2928 non
1988 2873 2098 2952 potest

300 2989 373 3036 cum
396 2963 574 3034 editoribus
596 2964 664 3052 legi
685 2962 830 3052 θῳῆοτω,
856 2966 878 3034 1.
901 2987 930 3036 e.
950 2963 1024 3052 eqo
1046 2966 1134 3050 ἔστω,
1163 2967 1239 3056 quia
1261 2989 1282 3031 α
1303 2965 1498 3056 productum
1521 2987 1595 3032 cum
1616 2987 1630 3031 ε
1652 2985 1717 3029 non
1738 2953 1805 3030 coit
1826 2966 1859 3030 in
1880 2989 1915 3052 q,
1938 2965 2053 3044 sedin
2076 2979 2096 3032 ᾱ

300 3079 345 3158 (nt
366 3073 513 3159 φωνᾶντα
532 3065 627 3136 Pind.
650 3089 668 3132 e
691 3067 873 3154 φωνάεντα),
894 3089 1007 3134 verum
1029 3069 1150 3136 rectius
1172 3090 1231 3155 pro
1252 3066 1315 3157 θεῖ’
1342 3071 1421 3138 ἔστω
1441 3067 1611 3156 accipitur.
1644 3065 1742 3154 Apud
1758 3067 1935 3134 Homerum
1959 3068 2009 3136 bis
2025 3065 2096 3152 θωὴ
2118 3109 2120 3118 .

297 3175 332 3238 in
354 3193 433 3240 casu
455 3171 643 3236 accusativo
664 3167 794 3256 legitur,
816 3174 851 3254 Ν,
874 3169 935 3236 669
961 3168 1050 3252 θωὴν
1078 3169 1211 3238 ἀλέεινεν
1239 3181 1272 3236 et
1295 3177 1321 3258 β,
1345 3171 1405 3237 192
1433 3170 1522 3253 θωὴν
1548 3169 1747 3254 ἐπιθήσομεν,
1778 3167 1951 3260 utrobique
1979 3193 2094 3238 versus

298 3273 466 3341 Homerici
486 3271 615 3360 legibue
636 3271 773 3338 formam
794 3276 885 3360 θῴαν
905 3293 970 3336 non
992 3273 1231 3360 respuentibus.
1276 3273 1397 3340 Contra
1426 3270 1460 3338 in
1481 3271 1699 3339 Archilocheo
1720 3269 1803 3353 θωιή
1826 3270 1867 3336 de
1888 3275 2002 3340 ultima
2022 3297 2095 3362 pro-

300 3377 400 3443 ducta
421 3369 562 3442 dubitari
582 3395 648 3440 non
669 3383 786 3461 potest.
829 3373 939 3440 Voces
960 3375 994 3438 in
1015 3384 1077 3462 -ῳᾰ
1098 3399 1184 3442 nunc
1206 3375 1275 3442 fere
1297 3377 1502 3463 ignorantum
1524 3398 1624 3441 unum
1645 3383 1755 3440 tamen
1777 3375 1964 3461 exemplum
1983 3373 2094 3463 paullo

300 3481 420 3546 certius
442 3479 615 3565 proferam.
658 3475 710 3543 De
734 3480 837 3562 ψῶα,
858 3475 878 3560 ἡ
901 3479 1041 3543 bonoilo
1062 3487 1223 3544 testantur
1244 3477 1332 3543 EtM.
1355 3480 1500 3563 819,’42,
1523 3479 1640 3549 Zonar.
1663 3477 1744 3544 1878
1766 3477 1869 3558 (Suid.
1890 3477 1924 3542 in
1947 3479 2093 3565 spuriis);

299 3581 387 3670 apud
408 3579 611 3668 Hesychium
634 3589 684 3646 est
711 3579 832 3664 ψώϊαε
860 3579 969 3669 σαπρὰ
990 3583 1139 3648 decutitur
1167 3583 1227 3670 (ita
1254 3581 1325 3646 cod.
1352 3587 1437 3646 teste
1468 3578 1626 3666 Schowio,
1653 3598 1752 3668 quum
1776 3577 1974 3646 Schmidtlus
2004 3588 2094 3663 ψιοϊα

299 3688 369 3751 sine
392 3693 530 3750 accentu
558 3681 697 3772 afferat),
725 3681 812 3748 unde
842 3681 883 3748 de
913 3685 980 3748 iota
1006 3691 1097 3748 muto
1129 3692 1275 3771 apparet.
1323 3683 1412 3749 Usus
1440 3689 1491 3749 eet
1512 3705 1551 3750 ea
1572 3703 1655 3748 voce
1677 3679 1869 3770 Apollonius
1891 3679 2037 3748 Rhodius
2059 3685 2092 3748 in

298 3787 480 3876 fragmento
509 3782 736 3873 epioo‚‘quod
764 3793 929 3851 servatum
957 3793 1008 3850 est
1033 3785 1066 3850 in
1095 3785 1324 3874 Etymologico
1352 3786 1501 3850 Parisino
1528 3783 1677 3854 Anccdd.
1706 3785 1829 3850 Pariss.
1857 3783 1914 3868 IV,
1939 3786 1995 3868 16,
2023 3785 2092 3851 sola

297 3887 410 3956 ultima
426 3879 519 3958 ‘Ean
542 3885 613 3973 819,
631 3891 683 3956 41.
727 3885 765 3952 In
786 3882 836 3952 his
858 3882 1072 3953 Ruhnlr'eniue
1094 3886 1156 3975 Ep.
1180 3887 1260 3958 Crit.
1288 3909 1321 3976 p.
1345 3889 1405 3954 102
1428 3909 1470 3953 ex
1491 3887 1579 3956 Ethl.
1601 3890 1727 3976 recepit
1747 3889 1799 3954 inl
1819 3893 1912 3971 ψῶοιν
1934 3890 2093 3955 sasernae

297 3993 365 4082 (Et.
387 3991 462 4062 Pai'r.
484 4001 635 4078 corrupte
664 3992 716 4057 tat
736 3993 827 4074 ι’)ὥον
853 3989 1093 4079 ἀμανεύεσκον);
1123 3999 1237 4056 contra
1256 3989 1441 4056 Meinekiue
1469 3990 1575 4059 Anall.
1597 3991 1693 4060 Alex.
1715 4013 1747 4078 p.
1770 3991 1832 4056 402
1861 3989 1960 4056 tacite
1990 3991 2092 4056 edidit

297 4095 349 4165 ἐπὶ
369 4095 462 4185 boios
483 4095 651 4162 contemtor.
684 4093 730 4158 At
751 4088 892 4158 dubitari
913 4113 978 4156 non
996 4101 1116 4180 potest,
1140 4095 1217 4179 quin
1238 4101 1336 4180 poe'ta
1356 4094 1465 4181 potius
1486 4092 1578 4178 ψώην
1599 4093 1712 4180 spicae
1734 4093 1874 4158 dialecto
1896 4093 2091 4158 convenien-

295 4207 347 4267 ter
369 4196 547 4286 scripturus
577 4197 683 4281 fuerit,
716 4195 779 4260 nisi
805 4195 917 4260 ultima
943 4195 1033 4260 vocis
1066 4193 1192 4283 syllaba
1220 4195 1330 4261 brevis
1352 4205 1451 4266 essm.
1493 4196 1643 4284 Apparet
1667 4198 1830 4283 igiturne
1859 4193 1936 4282 ψῴα
1958 4195 2090 4282 quidem

295 4325 408 4370 veram
431 4320 504 4373 esse
525 4299 616 4366 vocis
638 4297 784 4382 formam,
807 4307 844 4361 ut
859 4297 1049 4385 judicarunt
1069 4297 1256 4365 Lobechine
1279 4297 1405 4368 Pathol.
1420 4321 1452 4385 p.
1467 4297 1527 4363 4²11
1545 4305 1579 4364 et
1592 4299 1636 4363 M.
1653 4299 1851 4366 Schmidtius
1875 4297 1916 4363 ad
1931 4297 2088 4385 Hesych„

297 4404 355 4474 sed
376 4409 462 4496 ψῷα.
511 4403 557 4470 Ut
577 4424 657 4469 vero
684 4399 776 4468 vocis
798 4398 868 4483 0ωή
895 4399 1058 4488 antiquior
1083 4397 1187 4468 lorma
1212 4409 1263 4467 est
1283 4405 1366 4490 θῷα,
1392 4401 1439 4466 ita
1466 4401 1627 4490 suspicari
1653 4401 1732 4468 licet
1759 4402 1800 4467 de
1827 4402 1962 4488 antiqua
1986 4403 2090 4467 forma

295 4675 389 4749 01νο1η
407 4679 511 4732 staltis
529 4677 692 4745 umentis
709 4689 776 4728 mus
792 4674 872 4728 docui
888 4676 988 4728 mcum
998 4669 1096 4747 ¹Olsqiu
1114 4676 1195 4731 scribi
1213 4681 1243 4728 et
1257 4675 1341 4730 Attici
1361 4674 1432 4730 demi
1455 4668 1663 4746 numsnltqrqio
1680 4672 1824 4742 murgum
1843 4689 1902 4726 esre
1919 4673 2048 4726 zeitschr.
2067 4675 2087 4726 f.

294 4769 349 4840 egl.
369 4771 429 4840 flpr.
448 4769 501 4822 111.
521 4771 582 4824 tot.
622 4769 720 4837 Neque
744 4775 835 4820 ειιιιει
853 4769 969 4835 quinque
988 4768 1052 4820 illae
1070 4769 1233 4836 'theognosti
1250 4784 1332 4821 voces
1350 4769 1379 4818 in
1396 4761 1458 4838 ωε),
1479 4766 1577 4822 nedum
1596 4764 1864 4828 sermocinatione
1884 4773 1982 4822 cuent.
2019 4765 2088 4822 urm

294 4875 447 4934 quanqam
474 4854 549 4914 ttae
572 4864 601 4915 in
621 4859 716 4912 lexlots
742 4867 842 4912 tenere
869 4865 997 4932 unquam
1014 4861 1132 4912 Atticum
1156 4862 1220 4927 poni
1244 4858 1349 4914 ridetur
1372 4858 1471 4925 (neque
1496 4859 1622 4926 estatio
1640 4857 1785 4912 canonibus
1804 4857 1838 4908 de
1857 4859 1968 4910 vocibus
1986 4860 2015 4915 in
2034 4874 2088 4910 -ωιι

293 4951 392 5012 Apud.
413 4953 473 5018 100,
492 4950 536 5004 19.
572 4953 694 5020 Theogn.
714 4951 775 5016 too,
793 4951 839 5004 24.
875 4951 997 5004 Ansedd.
1023 4953 1091 5006 (ixx.
1110 4951 1149 5016 11,
1172 4951 1235 5015 410,
1251 4951 1297 5017 b),
1320 4956 1439 5002 atamen
1462 4965 1497 5004 ne
1521 4941 1593 5018 ἀλωὴ
1621 4947 1730 5016 quidem
1753 4964 1840 5016 neque
1858 4950 1963 5018 relique
1982 4951 2011 5002 in
2034 4965 2086 5022 -ιοη

291 5055 398 5119 prater
414 5059 494 5100 uun
513 5038 578 5112 ζωή,
602 5050 729 5110 quantum
749 5045 859 5112 quiden
872 5044 971 5109 ¹rideo,
997 5043 1198 5098 auctoritatibus
1216 5059 1278 5098 rere
1297 5044 1395 5096 Atticis
1413 5041 1564 5106 fulciuntur,
1587 5045 1618 5096 ut
1635 5041 1766 5108 suspicari
1782 5055 1848 5096 asne
1866 5043 1962 5109 masia,
1983 5043 2088 5098 tetro·

291 5142 403 5196 iortaue
421 5139 509 5208 potius
526 5135 615 5190 vocali
634 5151 714 5204 apro
729 5152 746 5206 q
761 5151 855 5190 neuros
873 5136 963 5189 luisse.
