4984 5908
1230 422 1272 492 27

334 631 465 702 ,simiam
508 630 620 713 Quum
640 629 742 717 igitur
762 609 908 698 numeris
930 629 997 700 alia
1016 632 1147 702 medela
1168 611 1359 722 quaerenda
1379 644 1479 720 esset,
1500 657 1560 724 pro
1582 637 1683 708 πολλὰ
1704 639 1773 708 ποτ’
1791 642 1910 729 scripsi
1930 641 2016 712 πόλλ’
2035 591 2157 724 ddnsr',

344 734 385 803 cf.
406 733 468 804 Od.
490 737 519 819 δ,
544 735 586 800 ld
606 733 691 811 ὅσσα
708 731 780 800 ὀὐδ’
806 729 933 806 ἄσπετα
954 733 1066 802 solid.

1021 891 1038 1012 μ,
1167 927 1236 1004 Vs.
1265 931 1325 1008 21.

463 1058 562 1143 Quod
590 1056 759 1145 Berglrias
788 1075 850 1146 pro
875 1057 982 1145 οὐρεῖν
1008 1056 1141 1148 scripsit
1167 1071 1309 1151 μετρεῖν,
1339 1063 1551 1150 proverbium
1580 1065 1752 1152 ὐστύρας
1787 1064 1981 1160 ὐρρθμεῖς
2012 1071 2156 1156 spectari

338 1170 437 1247 ratus,
458 1161 547 1252 quod
571 1170 623 1228 est
644 1162 780 1234 ἐπὶτῶν
800 1162 900 1244 μάνην
921 1160 1098 1228 πονούντων
1118 1163 1163 1230 oe
1174 1157 1177 1164 ⁴
1191 1163 1354 1247 tonsurare
1375 1169 1616 1256 Paroemlogrr.
1640 1166 1730 1238 Gott.
1745 1167 1779 1234 H
1792 1169 1870 1256 p.4,
1889 1171 1937 1253 15,
1962 1171 2097 1258 egregie
2119 1171 2154 1238 id

338 1267 563 1332 confir-mmm
585 1271 638 1331 est
657 1263 842 1331 imitatione
860 1263 999 1330 Nicetes
1021 1260 1208 1354 Eugeniani
1230 1267 1317 1336 bene
1339 1291 1359 1334 a
1379 1265 1556 1338 Schwabio
1578 1271 1758 1358 appositae.
1801 1269 1861 1336 llle
1883 1273 1969 1337 enirn
1990 1281 2030 1338 ut
2050 1274 2089 1352 V,
2112 1275 2153 1340 32

336 1371 418 1435 -31
442 1367 633 1434 Theocritel
655 1367 809 1434 carminis
829 1365 959 1433 Aeolici
980 1363 1100 1433 XXIII
1123 1361 1281 1458 (XXIX),
1305 1371 1449 1460 quinque
1471 1395 1598 1460 versus,
1621 1373 1709 1461 quod
1731 1371 1830 1438 docui
1850 1371 1885 1438 in
1907 1371 2050 1442 editione
2070 1397 2152 1461 mea,

336 1471 492 1539 imitando
515 1469 691 1556 expressit,
713 1469 867 1557 itaquae
890 1468 1046 1558 leguntur
1066 1470 1123 1556 IV,
1145 1473 1325 1544 ΙΙΙ-418.

882 1607 973 1675 δοκεῖ
994 1607 1030 1676 δὲ
1052 1611 1107 1692 μοί
1127 1633 1185 1694 τίς,
1208 1606 1248 1678 ἂν
1269 1613 1413 1702 παρέλθῃ
1434 1615 1489 1680 καί
1510 1614 1588 1704 pipp

832 1771 836 1774 .
875 1708 1005 1802 Ἔρωτα
1025 1713 1083 1778 τὸν
1102 1709 1255 1804 τύραννον
1280 1715 1503 1804 ἐπτερωμένω,

880 1813 1029 1894 καὶτοὺς
1051 1811 1099 1904 ἐφ’
1124 1814 1229 1902 irpeas
1251 1814 1453 1907 ἐκμετρήσειν
1475 1817 1620 1910 ἀστέρας.

213 1981 217 1990 ·
263 1969 266 1978 “
333 1955 509 2026 Schwahio
538 1939 631 2020 recte
660 1953 734 2023 visa
760 1961 837 2023 suut
865 1953 962 2042 hujus
990 1953 1144 2020 carminis
1170 1977 1289 2022 versus
1316 1955 1442 2024 25-27
1464 1957 1573 2044 sequi;
1602 1964 1740 2044 apparet
1767 1965 1877 2024 autern
1899 1959 1970 2046 jam
1999 1958 2151 2026 Nicetam

333 2067 521 2146 corruptam
541 2053 719 2125 lectionem
741 2057 832 2124 δοκεῖ
851 2079 907 2138 μαι
928 2079 989 2143 pro
1012 2059 1139 2139 δοκίμω
1159 2057 1193 2122 in
1215 2057 1332 2126 codice
1353 2079 1414 2126 suo
1428 2059 1604 2130 invenisse.
1643 2063 1774 2150 11οτρεῖν
1786 2081 1847 2148 pro
1863 2058 2014 2152 ἀριθμεῖν
2028 2059 2151 2129 dictum

333 2163 501 2250 Bergkius
530 2165 621 2228 recte
650 2158 752 2226 tuitus
780 2167 834 2224 eet
858 2158 965 2229 allatis
995 2157 1248 2236 Phocaeam
1277 2167 1432 2250 μετρῆσαι
1458 2161 1527 2228 ἀντὶ
1554 2166 1612 2228 τοῦ
1640 2159 1821 2250 ἀριθμῆσαι
1836 2160 1991 2242 Ἀλκαῖος
2023 2173 2056 2229 et
2076 2185 2149 2251 pro·

332 2263 451 2334 verbio
471 2265 595 2346 κύματα
616 2261 904 2352 μετρεῖνΤΙιοοατ.
925 2261 1017 2346 XVI,
1039 2261 1082 2328 60
1114 2259 1187 2344 (uhi
1208 2260 1394 2328 Meinckius
1424 2264 1522 2330 etiarn
1549 2265 1582 2328 in
1603 2264 1784 2331 novissima
1810 2263 1953 2332 editione
1974 2287 2149 2354 perperam

332 2368 438 2452 κύματ’
465 2369 616 2458 άμιθρεῖν
637 2365 766 2432 restitui
782 2364 898 2451 jussit)
921 2372 957 2430 et
975 2362 1215 2449 Paroemiogrr.
1238 2362 1327 2436 Gott.
1342 2363 1369 2448 Ι,
1384 2366 1457 2434 845.
1480 2365 1523 2450 ΙΙ,
1541 2367 1611 2435 182.
1652 2364 1750 2432 Adde
1772 2367 1938 2433 recentius
1961 2368 2148 2456 exemplum

332 2474 366 2540 in
389 2470 489 2538 Thes.
511 2469 588 2540 Par.
609 2467 651 2552 V,
672 2467 745 2536 936.
768 2466 806 2536 Ο.
828 2465 972 2536 allatum.
999 2500 1040 2516 -
1067 2465 1108 2530 In
1130 2471 1279 2534 extremo
1300 2485 1401 2536 versu
1428 2467 1533 2535 critici
1558 2469 1606 2536 ita
1632 2469 1756 2536 versati
1782 2477 1868 2554 sunt,
1898 2479 1934 2534 ut
1956 2468 1997 2536 dc
2018 2471 2149 2536 restitu-

332 2576 422 2642 tione
444 2573 652 2660 aliquatenus
678 2564 844 2658 probabili
872 2567 1070 2656 desperasse
1099 2567 1284 2635 videantur.
1332 2569 1409 2656 lpse
1431 2569 1547 2636 addas
1563 2568 1595 2654 ἤ,
1624 2569 1712 2659 quod
1733 2571 1768 2636 iu
1788 2569 2031 2658 synecphonesi
2051 2573 2147 2642 facile
2198 2638 2202 2648 ,

332 2675 491 2746 excidere
512 2682 642 2764 poterat
662 2683 700 2740 ut
720 2672 860 2738 Theocr.
881 2671 933 2736 XI
954 2679 1040 2741 extr.
1066 2673 1102 2738 in
1121 2671 1288 2758 plerisque
1310 2669 1414 2757 libris,
1443 2679 1479 2740 et
1504 2673 1621 2760 ejectis
1648 2673 1774 2760 aliquot
1793 2671 1920 2757 litteris,
1947 2695 2030 2761 quas
2053 2675 2149 2741 ditto-

331 2777 490 2868 graphiae
514 2777 630 2846 deberi
651 2783 799 2864 apparet,
822 2773 941 2860 scripsi
960 2769 981 2856 ἢ
1005 2772 1156 2842 ὅπποσσά
1176 2797 1227 2841 κον
1248 2773 1345 2857 tusa,
1367 2771 1400 2844 h.
1416 2796 1446 2842 e.
1466 2774 1517 2840 val
1531 2775 1593 2863 (ec.
1609 2777 1774 2864 opinatur)
1796 2797 2008 2864 quaecunque
2026 2777 2147 2846 stolida

331 2891 418 2952 eunt.
462 2875 669 2962 Particulaii
692 2877 830 2944 similem
853 2898 981 2942 crasem
1002 2878 1126 2964 patitur
1146 2877 1180 2941 in
1200 2872 1221 2960 ἦ
1244 2874 1262 2942 ὅ
1285 2897 1317 2941 τι
1337 2873 1461 2946 Phosn.
1477 2899 1530 2966 ap.
1544 2878 1663 2945 Athen.
1679 2875 1771 2955 VIII,
1784 2877 1857 2947 359.
1872 2878 1913 2947 Ε.
1955 2878 2009 2946 De
2026 2879 2145 2946 omisso

331 2985 543 3074 conjunctivo
565 2985 600 3068 ἔρ
623 2982 666 3051 ci.
687 2977 807 3047 Bernh.
830 2975 924 3066 Synt.
946 2991 979 3066 p.
1000 2979 1075 3048 331.
1116 2977 1252 3066 Duplex
1272 3001 1291 3043 ν
1311 2979 1344 3042 in
1372 2977 1485 3063 ἔνατός,
1514 2987 1552 3044 ut
1576 3002 1676 3067 saepe
1705 2979 1864 3066 scriptum
1885 2981 2015 3068 legitur,
2045 3003 2145 3070 quum

331 3087 443 3153 verior
462 3086 575 3152 Attica
595 3085 702 3150 forma
721 3083 766 3147 sit
785 3080 884 3166 ἐντός,
904 3079 1063 3150 Aeolicus
1085 3080 1227 3148 dialecto
1249 3079 1334 3147 hene
1356 3083 1520 3165 convenit,
1542 3089 1579 3146 ut
1599 3083 1633 3147 in
1652 3083 1759 3164 ξένιος
1779 3103 1840 3168 pro
1860 3083 1959 3162 ξίνσς.
2002 3083 2048 3150 Ut
2062 3083 2145 3154 haec

333 3211 376 3255 ex
397 3189 533 3275 antiquo
561 3189 669 3270 fiiofog
695 3183 891 3267 factasunt
923 3183 970 3249 ita
996 3181 1108 3268 Ιννεύς,
1134 3184 1220 3260 ἐντός
1247 3201 1291 3250 ex
1312 3180 1428 3270 tafroc,
1455 3185 1549 3272 cujus
1578 3185 1677 3272 stirps
1706 3183 1758 3268 huf
1780 3181 1945 3270 digamma
1965 3185 1999 3250 in
2020 3195 2143 3253 mutam

331 3289 485 3358 labialem
507 3298 632 3356 mutato
655 3287 857 3374 conspicitur
878 3287 977 3353 etiam
998 3285 1031 3351 in
1053 3289 1191 3376 ίμβαρος
1214 3288 1270 3373 (=
1283 3285 1417 3368 ἠλίθιος,
1433 3285 1537 3374 μωρός
1552 3285 1648 3376 Hes.)
1671 3293 1705 3352 st
1721 3284 1941 3372 Hesychianis
1964 3281 2143 3376 ἔμβρεσςε

332 3393 428 3475 ἐντός,
451 3393 558 3482 μωρός
578 3433 621 3444 -
650 3393 841 3478 ἔμπαροςε
871 3388 1054 3471 ἔμπληκτος.
1106 3387 1194 3454 Olim
1220 3387 1385 3474 digamma
1410 3386 1593 3474 praefixum
1622 3387 1724 3452 fuisse
1753 3387 1874 3453 docent
1902 3385 2032 3474 glossae
2055 3395 2142 3476 βεμ-

332 3497 437 3584 βρόςε
458 3495 683 3586 τετυφωμένος,
707 3489 844 3582 πάρετος
867 3499 901 3586 et
922 3489 1078 3580 βεβρός;
1100 3487 1233 3580 ψυχρός,
1255 3489 1480 3577 τετυφωμένος.
1525 3488 1678 3554 Summae
1693 3509 1773 3554 vero
1788 3487 1943 3555 stultitias
1958 3489 2142 3559 habebatur

331 3595 372 3662 τὰ
394 3599 518 3680 κύματα
539 3598 698 3683 ἀριθμεῖν,
725 3593 761 3660 id
783 3591 871 3681 quod
894 3591 1064 3660 Coroebus
1086 3594 1206 3660 fecisse
1227 3593 1343 3675 fertur²
1370 3593 1463 3680 cujus
1483 3589 1648 3672 ἠλιθιύτης
1670 3589 1724 3656 vel
1745 3594 1848 3681 μωρία
1874 3591 1908 3656 in
1929 3591 2140 3678 proverbium
2174 3583 2176 3586 ⁵

330 3697 418 3778 abiit,
439 3699 507 3772 vid.
529 3698 770 3784 Paroemiogrr.
792 3694 883 3766 Gott.
904 3695 931 3781 Ι,
953 3693 1024 3780 101,
1045 3695 1118 3761 268.

462 3797 509 3873 Vs.
531 3804 586 3868 28.
629 3799 683 3866 De
705 3798 842 3865 Aeolico
864 3795 972 3885 ἅμφτμ
991 3827 1034 3855 =
1056 3795 1153 3879 αὐχὴν
1179 3797 1255 3862 vide
1277 3795 1377 3866 Diall.
1399 3794 1442 3880 11,
1464 3795 1528 3860 503
1557 3794 1636 3879 etl,
1658 3795 1715 3880 42;
1745 3789 1848 3882 cipue
1869 3793 1956 3882 apud
1977 3795 2138 3866 Joannsm

330 3901 399 3986 Gn,
423 3904 464 3972 dc
488 3927 553 3992 quo
576 3900 770 3971 Schwahius
790 3900 895 3965 fusius
918 3899 1073 3987 disputat,
1100 3897 1179 3964 mihi
1200 3919 1292 3965 mero
1319 3897 1499 3986 sphalmate
1522 3897 1679 3983 scriptum
1701 3896 1841 3966 videtur.
1882 3895 1996 3963 Verba
2017 3902 2139 3992 μακρὸν

328 4007 445 4096 σχόντα
466 4009 522 4074 τὸν
544 4004 670 4096 ἄμρτνα
690 4001 857 4091 Bergkius
878 4002 912 4067 in
934 4025 1008 4068 eam
1030 4001 1226 4068 sententiam
1247 4002 1489 4090 interpretatur,
1519 4007 1555 4063 ut
1575 4007 1674 4086 potita
1694 3998 1783 4064 dieat
1805 4019 1841 4064 se
1864 4007 1962 4064 antea
1983 4004 2139 4090 superbia

328 4107 450 4174 elatum
482 4110 596 4180 fuisse.
649 4107 695 4172 At
723 4105 838 4184 αὐχένα
870 4102 992 4192 μακρὸν
1018 4103 1077 4168 vix
1103 4115 1193 4170 recte
1225 4095 1387 4170 intelle’xit
1415 4101 1456 4168 de
1485 4103 1616 4168 cervice
1644 4099 1785 4188 superbe
1815 4099 1910 4184 eluta,
1944 4123 2009 4190 quo
2037 4128 2136 4172 sensu

327 4211 435 4304 potius
458 4209 582 4277 dictum
604 4212 690 4275 foret
709 4207 836 4292 ὕψηλὸν
857 4209 935 4286 ἔχειν
956 4205 1014 4296 (cf.
1034 4204 1194 4295 ῖψαύχην)
1217 4207 1237 4271 ἰ.
1261 4229 1289 4273 e.
1312 4203 1463 4292 ἐπαίρειν.
1496 4203 1616 4268 Verius
1639 4201 1760 4288 μακρὰς
1781 4201 1877 4284 αὐχὴν
1899 4205 2079 4291 accipietur
2094 4211 2134 4276 de

328 4313 411 4377 collo
434 4313 543 4400 longo,
572 4319 735 4400 porrecto,
765 4317 801 4376 ut
822 4308 1003 4400 μακραύχην
1030 4317 1090 4392 σοί,
1122 4309 1179 4395 qui
1205 4307 1339 4395 longum
1368 4305 1487 4373 collum
1515 4305 1625 4375 habet.
1675 4305 1851 4390 Porrlguut
1873 4313 1982 4371 autem
2005 4311 2132 4396 collum,

328 4415 384 4498 qui
405 4417 566 4500 patienter
586 4414 620 4479 id
637 4416 721 4503 jugo
743 4411 946 4496 submittunt,
970 4411 1012 4478 cf.
1033 4411 1140 4480 Noun.
1155 4411 1253 4481 Dion.
1271 4413 1319 4495 14,
1334 4411 1397 4476 265
1418 4411 1462 4486 είς
1483 4407 1574 4492 ζυγὸν
1595 4405 1836 4474 αὐτοκέλευστον
1858 4407 2001 4476 ἑκούσιον
2022 4413 2134 4492 αὐκίνα

326 4517 437 4592 τείνας.
491 4517 534 4582 Et
567 4517 759 4603 saepissime
793 4515 871 4582 alibi
905 4515 1021 4582 cervix
1054 4534 1127 4580 cum
1157 4517 1238 4600 jugo
1271 4513 1484 4599 componitur.
1538 4509 1788 4596 Lepidiseimam
1818 4513 2013 4578 sententiam
2042 4516 2131 4579 Arm.

326 4613 527 4685 Fritzschiue
550 4619 669 4686 audaci
689 4619 868 4684 mutatione
890 4615 1026 4682 mirifice
1049 4616 1204 4701 corrupit
1997 4626 2003 4639 ‘

310 4717 313 4722 ’
456 4719 503 4784 Vr.
524 4723 578 4792 29.
623 4720 756 4808 Optime
778 4719 840 4789 Th.
861 4717 1064 4786 Fritaschius
1087 4707 1201 4803 ὦγαθε,
1229 4737 1293 4804 quo
1322 4717 1458 4800 animus,
1490 4717 1546 4802 qui
1571 4713 1653 4781 haec
1680 4713 1769 4800 loqui
1796 4711 1939 4800 fingitur,
1970 4725 2130 4782 amantem

324 4817 477 4904 appellat.
942 4820 949 4836 '

455 4921 501 4987 Vs.
515 4925 569 4992 31.
586 4927 642 4994 32.
684 4925 723 4990 ln
745 4926 795 4992 his
818 4923 1022 5014 corrigendis
1045 4923 1213 5010 Bergkius
1234 4942 1255 4985 a
1274 4918 1504 5007 probabilitate
1526 4919 1625 5006 longe
1647 4917 1823 5002 aberravit,
1846 4941 1946 5007 quum
1968 4919 2039 4985 aliis
2062 4929 2129 4984 tum

323 5022 412 5108 quod
435 5027 524 5108 φίλαν
544 5045 603 5111 pro
627 5026 782 5095 trochaeo
805 5051 878 5097 esse
900 5027 1013 5105 voluit,
1037 5027 1175 5093 Aeolica
1197 5021 1336 5111 quadam
1364 5023 1470 5087 forma
1490 5023 1599 5109 φίῖίος
1620 5021 1706 5103 licta,
1736 5021 1790 5086 cui
1811 5044 1829 5087 e
1852 5021 2034 5087 nominibus
2057 5043 2129 5108 pro·

321 5126 400 5210 Priiss
423 5127 538 5208 Ψίλλθς.
560 5127 665 5201 Φίλλις
687 5128 811 5217 aliquid
833 5129 993 5219 praesidii
1015 5129 1187 5216 quaesivit.
1234 5125 1280 5192 Ar
1300 5127 1335 5192 in
1357 5123 1407 5189 his
1436 5125 1600 5188 nominum
1623 5126 1886 5210 compositorum,
1913 5131 1949 5186 ut
1970 5127 2129 5204 Φιλοκλῆς,
