4984 5908
1213 365 1255 432 25

333 582 585 669 pecobcuoptoo
607 581 720 670 χρόνον
740 579 819 648 Eur.
834 577 935 665 Hipp.
947 575 1039 660 1119,
1054 577 1142 672 quqd
1157 579 1191 644 in
1211 577 1328 644 lexicis
1349 585 1504 664 tanquam
1527 576 1714 664 exemplum
1736 576 1891 663 adjectivi
1914 572 2024 662 αᾶριος
2044 575 2139 642 affer·

334 698 398 770 tur,
425 685 517 750 aliter
544 683 666 750 dictum
693 689 745 747 est
773 703 870 769 quam
892 679 910 746 t
931 683 985 744 νῦν
1005 678 1135 769 χρόνος;
1167 682 1290 770 pariter
1318 681 1417 747 etiam
1433 677 1563 748 ¹(lallim.
1585 678 1649 766 Ep.
1672 680 1713 744 14
1734 680 1870 761 δαίμονα
1891 676 1988 758 etse>
2014 667 2047 750 si
2070 673 2140 744 olda

335 787 392 866 qis
411 784 522 875 αᾶριον
542 760 734 850 adverbium
756 780 1011 871 agnoscendum.
1048 782 1141 864 Quae
1163 783 1292 849 restitui
1311 781 1481 862 χαλᾶσιι
1502 821 1542 831 -
1564 775 1737 871 ἄρμενα,
1759 781 1849 848 dicta
1870 790 1946 848 sunt
1965 789 2002 846 ut
2023 779 2140 848 edocui

338 883 495 970 σχοινίον)
516 887 558 952 τὰ
579 885 699 978 ἄρμονα
724 883 892 966 χαλώντωνΙ
911 889 1033 950 ναυτῶν
1057 883 1140 954 Plat.
1166 883 1300 972 Sisyph.
1321 907 1354 974 p.
1374 885 1448 952 466.
1496 884 1605 966 Quum
1625 905 1706 950 vero
1728 879 1850 972 ἄρμενα
1871 883 2022 950 dicantur
2043 882 2139 948 modo

338 992 444 1059 omnia
463 991 557 1056 navis
579 997 780 1056 armamenta
800 986 910 1070 (ὅπλα,
936 987 1051 1074 arms),
1081 985 1179 1052 modo
1207 985 1279 1052 sola
1298 985 1383 1070 vela,
1411 985 1509 1052 modo
1531 985 1596 1052 alia
1616 1009 1636 1053 a
1657 985 1741 1053 velis
1764 986 1920 1052 distincta
1939 996 1977 1050 ut
1998 985 2138 1052 Theoor.

334 1093 428 1175 XIII,
451 1093 493 1159 65
514 1091 594 1176 (68).
622 1089 691 1154 XX
712 1090 851 1178 (XXII),
875 1089 925 1172 13,
954 1086 1008 1154 hie
1037 1088 1170 1176 quidem
1196 1088 1272 1154 vela
1301 1087 1515 1175 intelligenda
1534 1092 1616 1156 ‘esse
1645 1088 1797 1154 videntur
1825 1090 1949 1176 pariter
1978 1097 2076 1174 atque
2106 1089 2140 1152 in

334 1192 636 1262 Pseudo-Platonis
662 1189 736 1258 loco
764 1192 871 1274 allate,
900 1197 937 1256 ut
961 1195 1061 1270 χαλᾶν
1088 1187 1130 1256 τὰ
1151 1184 1271 1280 ἄρμενα
1299 1189 1380 1256 nihil
1401 1189 1490 1258 aliud
1510 1192 1554 1256 sit
1576 1211 1673 1278 quam
1693 1191 1812 1256 solvere
1833 1191 1906 1256 oelo
1927 1189 2021 1276 Virg.
2042 1191 2084 1258 A.
2106 1191 2138 1273 4,

334 1297 406 1380 ott,
437 1297 491 1364 cui
519 1295 704 1382 oppositum
736 1293 809 1360 velo
836 1293 1036 1360 contrahere.
1082 1289 1199 1378 Neque
1227 1299 1338 1358 tamen
1365 1291 1446 1358 illud
1472 1314 1539 1358 non
1566 1301 1677 1380 potest
1702 1292 1743 1359 ad
1765 1292 1921 1360 rudentes
1943 1293 2072 1376 referri,
2095 1293 2140 1360 ct.

336 1400 454 1464 locare
474 1399 622 1464 rudentis
642 1396 736 1483 Virg.
758 1396 800 1466 A.
821 1397 852 1481 3,
871 1396 949 1480 2663
970 1416 1046 1462 nam
1067 1403 1102 1461 et
1121 1393 1197 1460 vela
1218 1401 1251 1461 et
1271 1391 1427 1462 rudentes
1448 1394 1601 1460 laxantur
1620 1393 1673 1462 vel
1694 1394 1865 1460 solvuntur
1886 1417 1906 1460 a
1926 1395 2138 1483 navigaturis.

336 1501 411 1568 Jom
433 1501 535 1588 igitur
554 1519 671 1566 versus
693 1498 756 1565 boc
778 1495 859 1564 dicit
878 1497 973 1580 „velo
994 1507 1101 1563 annm
1122 1519 1198 1562 erce
1218 1495 1322 1574 solvet,
1343 1505 1380 1562 ut
1401 1495 1469 1563 olio
1489 1497 1654 1585 ποιήμαθ’,
1676 1496 1753 1567 be.
1769 1497 1865 1564 facile
1886 1505 2066 1564 amatorem
2088 1518 2140 1562 su-

334 1604 403 1670 bito
427 1602 567 1670 deseret
598 1601 733 1669 Poterat
754 1609 864 1666 autem
885 1597 1015 1680 χαλάσει
1033 1595 1131 1664 facile
1152 1599 1187 1663 in
1208 1593 1318 1666 δλᾶσει
1338 1598 1439 1684 abire,
1463 1601 1540 1688 quia
1559 1601 1594 1664 in
1615 1601 1799 1688 antiquiore
1821 1601 1985 1687 scriptura
2004 1608 2040 1664 ut
2054 1601 2139 1683 λδα,

334 1708 381 1774 ita
402 1710 420 1769 t
442 1711 475 1770 et
495 1726 514 1784 χ
535 1703 691 1769 ductuum
713 1703 871 1770 affinitate
892 1701 1123 1792 permutationi
1145 1698 1288 1768 obnoxia
1311 1709 1395 1772 sunt.
1431 1701 1548 1790 Neque
1571 1703 1688 1767 mirum
1711 1701 1800 1788 quod
1821 1699 1942 1789 ἄρμενα
1963 1703 1997 1766 in
2018 1701 2139 1791 ἁμέραν

335 1815 524 1894 corruptum
552 1811 616 1889 est,
652 1825 753 1891 quum
782 1799 894 1894 αᾶριον
921 1803 1010 1870 haud
1035 1823 1110 1869 raro
1137 1823 1211 1870 cum
1237 1803 1340 1894 ήμᾶρα
1367 1795 1600 1892 conjungatur,
1633 1825 1699 1891 quo
1727 1803 1858 1870 accedit
1885 1802 1973 1891 quod
2002 1799 2138 1893 ἄρμενον
2255 1861 2258 1866 .

335 1913 473 1998 (pariter
494 1915 593 1994 atque
611 1903 759 1996 ἄρμενος)
781 1905 1026 1992 frequentaris
1047 1905 1189 1992 antiquis
1210 1903 1304 1972 libris
1325 1907 1441 1994 spirite
1462 1925 1581 1994 aspero
1601 1905 1795 1972 instructum
1816 1907 1937 1992 legitur
1958 1909 2139 1972 secundnm

332 2011 566 2099 plerarumque
588 2030 709 2075 vocum
727 2009 769 2075 ab
787 2031 853 2092 αρμ
873 2008 1098 2094 incipientium
1119 2006 1314 2095 analogiam,
1334 2007 1437 2076 veluti
1449 2009 1482 2074 in
1505 2006 1674 2074 Theocriti
1695 2007 1775 2075 locis
1797 2029 1898 2096 supra
1919 2007 2035 2078 allatis.
2066 2009 2138 2096 Spi-

333 2115 415 2178 ritus
437 2134 544 2199 asper,
568 2133 665 2198 quem
679 2109 772 2176 liber
792 2112 826 2175 in
848 2107 960 2196 αὔριον
980 2109 1117 2197 praebet
1138 2110 1230 2198 (item
1250 2111 1285 2176 in
1298 2109 1462 2198 prioribus
1477 2112 1642 2186 Παιδικοῖς
1655 2133 1704 2179 vs.
1720 2112 1785 2198 lb),
1806 2131 1872 2178 non
1891 2110 2015 2178 librarii
2036 2111 2138 2200 negli-

334 2215 465 2301 gentiae
489 2212 638 2300 debetur,
660 2223 697 2280 ut
712 2214 875 2302 judicavit
888 2211 1066 2300 Bergkius‚
1089 2211 1149 2279 sed
1170 2214 1388 2280 recentiorum
1409 2233 1504 2280 usum
1520 2213 1677 2298 sequitur,
1700 2211 1766 2284 vid.
1781 2213 1931 2284 Ammon.
1953 2214 2005 2284 ed.
2021 2215 2137 2283 Valck.

332 2337 365 2401 p.
390 2315 459 2389 196.

1152 2491 1219 2570 Vs.
1246 2496 1304 2569 21.
1388 2570 1389 2578 p

459 2629 684 2718 Bergkianum
713 2631 796 2712 pilae
821 2651 936 2716 parum
962 2626 1120 2714 intelligo.
1171 2625 1268 2709 Quod
1297 2625 1374 2694 dedi
1395 2627 1507 2709 μᾶλδοι,
1535 2629 1742 2694 intransitiva
1762 2631 1893 2696 notione
1916 2631 1963 2696 uti
1984 2630 2069 2715 volo,
2093 2633 2135 2702 cf.

331 2731 480 2821 Hesycb.
508 2733 677 2816 μᾶλδεινε
706 2733 887 2816 pitinates.
941 2729 1057 2818 Itaque
1085 2729 1190 2811 μᾶλδει
1213 2759 1257 2787 =
1286 2730 1431 2810 μέλδεται
1458 2731 1554 2800 esti
1584 2754 1615 2818 q.
1643 2729 1771 2814 τήκεται
1799 2729 1960 2820 (Hesycb.
1990 2733 2136 2816 μᾶλδειε

331 2833 450 2922 τήκει),
479 2855 563 2922 quae
592 2857 659 2902 vox
687 2833 869 2902 sententiae
895 2831 980 2898 bene
1007 2832 1171 2918 convenit,
1200 2832 1241 2901 cf.
1271 2829 1371 2902 Antb.
1396 2830 1466 2902 Pal.
1491 2829 1683 2918 v1,285,5
1709 2833 1784 2924 ἔργα
1811 2836 1881 2900 νέον
1905 2836 2009 2917 τήκειν
2035 2835 2135 2914 ἄνθος

331 2937 533 3018 inscriptio.
581 2937 652 3003 Nec
679 2938 785 3002 minus
812 2947 924 3024 aptum
949 2934 1034 3001 foret
1060 2937 1280 3025 μαραίνεσθαι,
1309 2954 1374 3021 quo
1400 2933 1503 3000 verbo
1529 2933 1712 3022 eproatur
1732 2957 1799 3002 vox
1821 2957 1896 3003 eum
1917 2939 2038 3019 uittam
2059 2961 2135 3006 con·

326 3039 536 3127 junctissima
562 3037 809 3124 ἀμαλδύνεσθαι,
838 3039 880 3107 cs.
908 3035 1055 3124 Hesych.
1077 3057 1104 3106 s.
1125 3059 1157 3102 v.
1187 3035 1413 3120 ἀμαλδύνομον,
1444 3035 1565 3102 Scholl.
1594 3037 1685 3106 Aret.
1711 3038 1784 3122 864,
1813 3037 1913 3108 Antb.
1939 3039 2008 3108 Pel.
2030 3041 2070 3126 V,
2095 3043 2134 3109 18

331 3145 409 3217 Λαῒς
431 3140 671 3222 ἀμαλδονθεῖοα
692 3142 792 3232 χρόνῳ
815 3139 1001 3226 nequeunte
1024 3137 1157 3228 μορφήν.
1198 3137 1352 3205 Ceterum
1374 3139 1496 3221 μᾶλᾶειν
1515 3139 1782 3226 Anglosaxonice
1804 3149 1856 3206 est
1876 3141 2004 3226 malton,
2026 3143 2133 3212 Theo-

331 3242 414 3309 tisce
437 3242 586 3327 amalasar,
609 3251 645 3308 ut
666 3243 764 3308 etiam
785 3241 862 3308 hinc
883 3249 1049 3330 appareat,
1072 3242 1194 3323 μέλδοιν
1215 3248 1249 3306 et
1268 3237 1372 3322 τήκειν
1393 3262 1576 3328 synonyma
1597 3263 1681 3312 esse.
1705 3281 1745 3292 -
1775 3243 1872 3325 Quod
1894 3265 2007 3312 omnes
2030 3249 2134 3315 critici

330 3353 510 3430 praeeunte
532 3343 679 3432 Bergkio
707 3346 907 3434 (quanquam
932 3342 987 3410 hic
1013 3345 1086 3430 ipse
1114 3344 1234 3409 latetur
1254 3343 1465 3409 mutationem
1487 3365 1551 3410 non
1573 3345 1795 3410 necessariam
1824 3347 1913 3436 esse)
1940 3350 2132 3434 particulam

329 3449 384 3512 καὶ
404 3447 616 3534 propulerint,
645 3445 742 3512 valde
763 3447 872 3531 miror,
901 3467 999 3534 quum
1026 3444 1083 3512 Illa
1102 3445 1284 3513 sententiae
1305 3445 1476 3532 aptissima
1496 3446 1548 3530 sit,
1578 3448 1620 3516 cl.
1642 3445 1781 3514 Theocr.
1803 3447 1834 3532 3,
1857 3449 1896 3514 17
1923 3446 2067 3541 (Ἔρως),
2095 3454 2131 3531 ὅς

330 3571 368 3630 με
389 3547 593 3632 καταομᾶχιιν
614 3550 668 3615 καὶ
689 3549 720 3627 ἐς
741 3543 850 3616 doctor
878 3545 967 3638 ἄχρις
988 3545 1102 3634 Macae,
1128 3545 1227 3616 Antb.
1247 3545 1315 3612 Pal.
1336 3546 1410 3633 vn,
1431 3549 1471 3614 31
1495 3550 1631 3635 Σμορδίῃ
1654 3537 1680 3616 ὦ
1701 3551 1753 3616 ἐπὶ
1773 3551 1871 3640 Θρῃκὶ
1896 3555 2000 3630 τακεὶς
2026 3559 2080 3622 καὶ
2100 3559 2132 3636 ἐς

329 3651 460 3728 ἔσχατον
481 3653 601 3719 ὀστοῦν.

1077 3787 1082 3794 ’
1149 3837 1216 3917 vs.
1243 3841 1303 3914 22.

449 3971 747 4062 Ὀμμιμνασκομᾶνῳ
772 3973 908 4041 Aeolice
939 3993 998 4061 pre
1028 3972 1171 4054 ἄναμιμν.
1197 3971 1296 4042 Diall.
1322 3972 1349 4056 Ι,
1380 3973 1430 4040 76.
1458 4013 1496 4025 -
1529 3973 1567 4040 In
1594 3975 1714 4041 tradito
1743 3973 1803 4066 ἄρη
1829 3977 1967 4064 primum
1997 3983 2129 4069 spiritus

328 4074 413 4140 lenis
435 4075 670 4142 dubitationem
692 4099 825 4144 movere
848 4085 966 4163 potest.
1010 4075 1097 4141 Olim
1119 4076 1205 4140 enim
1228 4073 1340 4164 (Diall.
1360 4075 1378 4141 I
1396 4081 1426 4162 ξ.
1440 4076 1486 4164 4),
1509 4097 1609 4164 quum
1630 4079 1756 4165 antiqui
1776 4083 1980 4166 grammatici
2000 4107 2127 4152 ornnem

328 4178 461 4262 spiritus
489 4180 598 4265 asperi
630 4200 724 4243 usum
752 4178 794 4244 ab
816 4176 974 4244 Aeolibus
1003 4176 1193 4266 abjudicent
1206 4187 1254 4262 ¹⁰),
1280 4187 1390 4244 tamen
1416 4179 1488 4264 ipse
1511 4178 1677 4244 titulorum
1700 4190 1734 4246 et
1754 4180 1910 4248 librorum
1931 4189 2125 4254 auctoritate

327 4277 428 4344 fretus
458 4279 535 4346 illis.
550 4280 648 4346 fidem
678 4302 743 4346 non
768 4280 952 4346 habendam
979 4301 1053 4346 esse
1083 4277 1164 4344 duxi
1186 4288 1220 4344 et
1240 4278 1409 4345 Aeolicam
1437 4279 1613 4348 dialectum
1633 4303 1699 4348 non
1720 4285 1849 4350 omnino
1871 4287 1987 4372 spiritu
2009 4311 2127 4376 aspero

328 4381 482 4466 carnisse,
506 4381 575 4468 sed,
603 4383 659 4448 ubi
681 4383 715 4448 in
736 4382 862 4469 antiqui
883 4404 899 4446 s
921 4381 1007 4470 velj
1028 4382 1137 4448 lecum
1164 4383 1391 4466 successisset,
1417 4381 1610 4471 plerumque
1640 4407 1714 4450 cum
1741 4385 1876 4472 reliquis
1899 4387 2037 4454 Graecis
2059 4415 2126 4458 ser-

326 4499 425 4546 vasse
447 4485 587 4570 probare
611 4494 746 4550 conatus
770 4505 856 4568 sum3
877 4481 1060 4568 Balbillam,
1083 4483 1222 4570 quaein
1244 4487 1487 4572 epigrammatis
1509 4487 1577 4552 suis
1591 4485 1737 4553 Aeolicis
1759 4509 1887 4554 omnem
1907 4493 2015 4578 asperi
2030 4513 2126 4558 usum

327 4583 464 4670 sprevit,
486 4587 519 4652 in
542 4610 582 4654 ea
603 4611 638 4654 re
659 4587 750 4651 utin
771 4583 844 4653 aliis
867 4589 1151 4674 grammaticorum
1172 4585 1281 4672 potius
1295 4595 1475 4674 praecepta
1488 4609 1586 4676 quam
1601 4589 1776 4674 genuinam
1789 4589 1961 4658 Aeolidem
1978 4603 2125 4660 secutam

325 4705 400 4750 esse
423 4688 607 4773 suspicatus
630 4711 713 4758 sum.
757 4689 880 4758 Contra
900 4687 1067 4776 Bergkius
1095 4689 1129 4753 in
1150 4689 1330 4754 novissima
1350 4687 1542 4776 Lyricorum
1557 4689 1718 4775 editione,
1749 4713 1848 4779 quarn
1870 4691 1993 4782 aliquot
2012 4705 2124 4781 potita·

324 4806 397 4852 rum
418 4785 611 4856 Lesbiorum
632 4791 723 4876 loeis,
754 4793 876 4894 quibus
903 4791 936 4856 in
962 4813 1069 4858 meam
1096 4789 1291 4857 sententiam
1317 4811 1396 4857 usus
1419 4813 1518 4877 eram,
1545 4802 1702 4879 posteae
1724 4791 1894 4860 codicibus
1916 4798 1969 4862 vel
1991 4798 2123 4882 spiritus

324 4923 737 4946 Ἣ

433 4986 477 5052 20)
495 4939 658 5039 Τοᾶτίοιοοίἰτ
675 4987 692 5042 l.
710 4993 730 5058 1,
752 5039 769 5084 Β
788 5019 838 5070 m⁰
858 4993 994 5062 congestis
1011 4989 1145 5058 Bergkius
1163 4991 1232 5043 bene
1250 4989 1356 5046 addidit
1372 4989 1462 5060 Apoll.
1481 4990 1515 5044 de
1533 5009 1574 5060 pr.
1592 5009 1620 5060 p.
1640 4993 1666 5046 3.
1685 4991 1715 5046 0.
1735 4991 1793 5058 πῶς
1811 4990 1841 5048 et
1860 4988 1920 5064 οᾶχὶ
1936 4992 2043 5061 γελοίως
2061 4993 2122 5048 Ato-

320 5073 392 5128 λικὸν
410 5071 540 5148 εἰρήσεται
557 5071 587 5129 τὸ
604 5072 744 5209 lape'snpns
757 5105 815 5180 ,ff
836 5089 876 5148 §a
893 5079 925 5137 τὸ
943 5077 1083 5154 ἄμᾶναμος
1101 5077 1284 5154 dompnum
1787 5170 1810 5234 4
