4984 5908
1254 489 1295 554 26

372 699 455 763 leuis
477 697 531 762 vel
553 697 623 786 ejus
646 697 767 764 indicia
790 699 1039 785 comparuerint,
1062 700 1345 784 grammaticorum
1372 701 1550 786 praecepto
1573 705 1607 762 et
1627 693 1788 764 Balbillae
1815 696 1915 764 fidem
1937 696 2122 765 habendam
2141 707 2180 765 et

373 821 500 864 ornnem
523 800 654 886 spiritus
677 801 786 887 asperi
807 821 902 864 usum
924 824 942 866 e
964 799 1109 888 reliquiis
1131 821 1210 867 vere
1231 799 1376 867 Aeolicis
1404 798 1653 888 propellendum
1683 819 1758 865 esse
1781 800 1923 884 censuit3
1941 798 2073 897 111111101,
2101 821 2179 889 quo·

371 921 444 968 rum
475 903 691 989 antiquissimi
723 901 765 966 ad
797 911 938 969 aetatem
960 903 1143 968 Alexandri
1174 906 1348 989 pertinent,
1381 904 1414 967 in
1442 923 1482 970 sa
1507 923 1544 967 rs
1568 903 1675 966 minus
1701 900 1779 968 fidoi
1805 900 1938 986 babere,
1972 902 2094 990 quippe
2122 905 2180 991 qui

374 1005 472 1070 etiam
494 1005 528 1068 in
550 1004 620 1070 aliis
643 1003 818 1072 dialectum
840 1004 1109 1070 rad-communem
1131 1027 1226 1070 usum
1248 1005 1445 1092 applicatam
1467 1004 1618 1082 habeant,
1639 1003 1717 1069 vide
1740 1025 1825 1091 quas
1849 1002 2029 1090 disputavit
2049 1026 2083 1091 p.
2105 1005 2178 1076 876.

375 1105 477 1193 Cujus
500 1113 695 1192 argumenta
715 1107 830 1192 gravia
851 1127 926 1172 esse
951 1100 1056 1172 libere
1079 1107 1237 1172 confiteor
1262 1117 1305 1190 et,
1334 1127 1520 1194 quanquam
1548 1105 1672 1194 aliquid
1698 1107 1894 1192 suspicionis
1917 1105 2040 1190 haeret,
2068 1115 2179 1174 tamen

373 1227 460 1274 nunc
482 1207 620 1295 Bergkii
637 1207 799 1296 judicium
822 1210 916 1294 sequi
937 1203 1058 1273 esitius
1081 1209 1175 1275 duco.
1219 1208 1374 1275 Ceterum
1396 1208 1534 1274 verbum
1555 1208 1728 1275 Aeolicum
1750 1203 1847 1296 ὄρημι
1867 1237 1910 1266 =
1931 1207 2007 1294 ὁρῶ,
2029 1209 2083 1274 cui
2102 1207 2178 1274 olim

374 1329 526 1396 asperum
547 1309 802 1392 vindicaveram,
835 1311 966 1396 saepius
992 1311 1059 1375 leni
1084 1311 1279 1376 instructum
1303 1311 1424 1399 legitur
1446 1311 1557 1396 (Diall.
1579 1310 1606 1394 Ι,
1628 1311 1694 1398 28),
1720 1331 1830 1397 neque
1852 1309 2031 1375 Homerica
2052 1307 2180 1400 ὄρομαι,

373 1401 469 1502 οὖρος
490 1441 534 1470 =
555 1411 713 1500 φυλάσσω,
735 1413 837 1500 φύλαξ
860 1423 893 1477 et
915 1401 1011 1498 οὖρος
1031 1443 1074 1470 =
1095 1412 1182 1503 ὅρος,
1210 1412 1298 1500 quod
1319 1415 1426 1500 ipsum
1448 1415 1482 1479 in
1503 1414 1628 1479 Dorica
1649 1412 1789 1478 dialecto
1818 1413 2001 1478 tabularum
2023 1413 2179 1480 Heracle·

375 1517 501 1580 ensium
522 1515 630 1580 lenem
651 1515 753 1580 habet
777 1514 889 1601 (Diall.
913 1515 953 1598 ll,
976 1515 1041 1604 36),
1069 1515 1110 1580 ab
1133 1514 1221 1603 ὁράω
1248 1515 1355 1582 aliena
1376 1537 1450 1582 esse
1472 1515 1616 1580 indicavi
1644 1517 1678 1580 iu
1701 1515 1779 1583 diss.
1802 1513 1843 1580 ds
1864 1517 1946 1604 Δρῢς
1966 1537 2000 1602 p.
2020 1516 2063 1580 45
2085 1537 2178 1602 seqq.

373 1617 489 1682 Altera
511 1618 661 1704 quaestio
683 1618 786 1682 oritur
807 1616 847 1681 de
870 1616 984 1682 ultima
1003 1617 1095 1683 vocis
1118 1617 1255 1705 syllaba.
1297 1618 1507 1684 Aeolicorum
1533 1619 1621 1682 enirn
1646 1615 1822 1681 verborum
1843 1617 1877 1681 in
1897 1641 1977 1702 «αμα,
2004 1639 2088 1705 quae
2116 1638 2177 1705 pro

374 1719 550 1785 conuectis
580 1721 614 1782 in
635 1739 690 1784 -εω
713 1727 797 1801 sunt,
825 1719 941 1784 tertiae
956 1716 957 1721 ’
970 1740 1130 1805 personae
1157 1722 1191 1783 in
1210 1719 1410 1786 Lesbiorum
1438 1728 1608 1806 po'e'turum
1634 1718 1781 1805 reliquiis
1809 1719 1843 1782 in
1874 1743 1916 1785 -ει
1946 1727 2069 1786 exeunt
2089 1720 2179 1786 nulla

373 1820 523 1887 lectionis
545 1822 714 1904 varietate,
737 1831 774 1884 ut
793 1821 865 1888 Alc.
881 1822 923 1890 39
943 1818 1022 1906 ἄχει,
1046 1817 1146 1906 ἄνθει,
1167 1823 1206 1886 81
1225 1823 1384 1908 lauretum
1407 1821 1529 1908 Sapph.
1547 1825 1574 1904 l,
1591 1823 1632 1891 23
1654 1824 1744 1909 φίλει,
1766 1821 1853 1902 2,14
1874 1816 1970 1910 ἄγρει,
1991 1824 2022 1891 4.
2043 1819 2178 1905 κελάδει,

372 1925 415 1988 40
436 1923 529 2007 δόντι,
550 1923 592 1988 43
614 1924 770 2012 κατάγρει,
794 1923 853 1986 117
876 1923 963 1988 κάλοι
984 1928 1155 2008 (accentus
1176 1923 1322 1992 inlibris
1345 1924 1536 2011 plerumque
1558 1923 1704 2008 vulgaris
1727 1931 1763 1986 ut
1783 1921 1884 2013 ἀχεῖ),
1911 1925 1944 1988 in
1966 1923 2067 1989 titulis
2088 1924 2179 1989 nulla

373 2025 527 2112 exempla
556 2026 706 2108 invenio,
751 2024 790 2088 In
817 2024 962 2090 Aeolicis
985 2025 1153 2092 Theocriti
1181 2017 1313 2113 praeter
1340 2026 1402 2092 hoo
1432 2025 1491 2115 ὄρη
1520 2035 1553 2092 et
1580 2025 1752 2111 vulgarem
1778 2025 1916 2092 formam
1943 2035 2041 2115 φορεῖ
2065 2048 2114 2091 vs.
2136 2027 2177 2091 32

373 2130 504 2196 unicum
526 2127 647 2215 legitur
668 2125 762 2215 φόρει
783 2125 902 2192 XXIII
923 2123 1090 2216 (XXIX),
1102 2129 1154 2212 29,
1177 2129 1266 2215 quod
1288 2130 1388 2218 (toste
1410 2151 1496 2194 nunc
1519 2125 1687 2214 Zieglero)
1709 2127 1741 2190 in
1765 2126 1881 2192 eodem
1903 2129 2017 2194 codice
2040 2151 2068 2196 c.
2091 2129 2176 2216 φόρη

374 2232 531 2316 scripturn
560 2230 821 2317 superscriptos
846 2229 891 2314 (b
914 2251 943 2298 e.
972 2231 1075 2319 (μέρη).
1125 2225 1313 2296 Secundum
1341 2253 1388 2315 ea,
1418 2251 1501 2318 quae
1531 2235 1573 2298 ad
1600 2252 1649 2298 vs.
1680 2230 1718 2293 13
1748 2228 1922 2315 disputavi,
1952 2231 2179 2317 antiquissima
2258 2285 2260 2290 .

282 2321 285 2328 ¹
373 2333 469 2420 hqjus
493 2331 726 2398 terminationis
748 2331 853 2396 forma
872 2331 934 2396 fuit
955 2355 996 2414 ηι,
1018 2353 1084 2418 qua
1104 2335 1251 2397 fortasse
1266 2333 1331 2419 ipsi
1351 2342 1470 2421 poetae
1491 2330 1604 2397 Lesbii
1624 2332 1676 2396 usi
1697 2341 1787 2416 sunt3
1811 2342 1939 2420 eapost
1953 2333 2005 2398 vel
2027 2334 2061 2396 in
2082 2355 2110 2398 eu
2124 2331 2179 2397 vel

372 2436 406 2500 in
427 2459 446 2516 η
469 2435 558 2503 abiit.
603 2435 711 2514 Quum
742 2432 889 2500 codexc
917 2435 949 2498 in
978 2434 1078 2499 rebus
1105 2433 1147 2500 ad
1179 2434 1354 2500 dialectum
1382 2434 1619 2522 pertinentibus
1647 2435 1745 2500 etiam
1771 2436 1805 2498 in
1831 2435 1993 2520 prioribus
2015 2437 2179 2512 Παιδικοῑς

374 2539 516 2624 optimae
538 2547 634 2602 notae
658 2537 709 2620 sit,
736 2540 773 2600 ut
799 2537 861 2600 alio
891 2537 964 2604 loco
987 2535 1188 2620 docebimus,
1213 2539 1292 2628 ,ejus
1321 2539 1506 2602 auctoritati
1534 2545 1571 2600 ut
1599 2537 1632 2600 in
1660 2536 1722 2602 hoc
1752 2535 1811 2626 ὅρη
1839 2560 1925 2610 nunc
1948 2539 2046 2602 etiam
2067 2538 2100 2600 in
2123 2536 2177 2600 illo

374 2639 456 2728 φόρη
480 2637 772 2726 obtemperandum
802 2639 960 2721 ducimus,
990 2639 1052 2702 nisi
1082 2639 1169 2724 quod
1196 2630 1264 2702 iota
1290 2647 1412 2704 mutum
1445 2641 1624 2725 appingere
1652 2639 1878 2725 praeferimus,
1908 2638 1950 2705 de
1979 2660 2106 2724 quare
2136 2638 2178 2702 ad

375 2763 423 2808 vs.
448 2743 487 2806 13
515 2741 650 2824 dictum3
682 2741 819 2827 vulgare
847 2748 943 2827 φορεῖ
970 2759 1019 2810 νο.
1041 2741 1083 2804 32
1111 2761 1197 2804 nunc
1228 2739 1360 2828 quidem
1389 2741 1598 2807 toleravimus
1626 2750 1761 2827 propter
1787 2741 1934 2828 regulam
1968 2740 2009 2806 de
2037 2739 2177 2806 dialecto

374 2845 528 2916 carminis
551 2863 650 2929 supra
670 2843 882 2928 propositam.
919 2841 1042 2907 Contra
1063 2843 1096 2906 in
1118 2840 1343 2928 supplemento
1359 2865 1409 2912 vs.
1424 2846 1445 2908 4
1460 2843 1577 2930 scripsi
1593 2841 1671 2930 ὀνίῃ,
1694 2865 1793 2931 quum
1808 2847 1920 2925 τίθημι
1937 2852 1970 2909 ct
1983 2844 2062 2926 ἴημα,
2078 2863 2179 2928 quan·

376 2969 472 3032 quarn
495 2945 609 3010 borum
631 2945 806 3010 verborum
829 2945 927 3034 stirps
950 2943 1084 3009 brevem
1098 2946 1247 3010 vocalem
1261 2944 1376 3028 habet,
1394 2955 1503 3010 tamen
1524 2947 1557 3008 in
1578 2945 1744 3031 singulari,
1765 2944 1824 3010 ubi
1838 2945 1962 3010 vocalis
1978 2944 2178 3034 producitur,

375 3048 512 3114 eandem
534 3067 680 3112 normam
704 3047 798 3132 sequi
820 3043 1003 3114 videantur.
1047 3046 1279 3113 Choerobosoo
1299 3047 1433 3134 quidem
1455 3047 1497 3111 ad
1520 3046 1645 3116 Theoti.
1661 3047 1731 3125 855,
1754 3047 1888 3129 8-856,
1908 3047 1948 3111 21
1973 3047 2071 3135 (Anu.
2088 3047 2178 3115 Oxx.

373 3151 431 3233 IV,
450 3150 525 3233 352,
544 3141 589 3214 ,14
607 3157 649 3214 .et
676 3149 747 3230 353,
771 3150 825 3238 26)
853 3151 954 3230 τίθης,
981 3153 1055 3230 τίθη
1086 3159 1239 3235 tanquam
1272 3149 1421 3215 Aeolica.
1435 3149 1586 3215 afferenti
1612 3171 1678 3216 non
1706 3148 1842 3216 multum
1868 3148 2075 3216 tribuendum
2103 3171 2177 3214 esse

374 3253 483 3318 vicina
505 3251 657 3338 exempla
679 3261 819 3338 arguunt
839 3251 921 3338 (vid.
943 3251 1042 3319 Diall.
1064 3251 1091 3332 1,
1117 3253 1175 3318 138
1197 3261 1263 3320 not.
1278 3253 1326 3340 9),
1349 3251 1463 3316 sedin
1485 3250 1644 3315 Balbillae
1668 3252 1902 3337 epigrammata
1926 3251 1963 3319 O.
1978 3251 2005 3320 Ι.
2020 3274 2068 3319 nr.
2082 3251 2177 3333 4725,

374 3377 423 3423 vs.
446 3353 475 3418 7.
498 3357 518 3422 8
539 3354 601 3438 ,ὡς
622 3355 749 3432 adiuero
771 3355 921 3430 educator
943 3357 973 3435 1η
996 3355 1122 3436 Μέμνων
1143 3353 1234 3420 πάλιν
1257 3353 1358 3420 elidar
1376 3362 1382 3434 1
1399 3351 1564 3434 ὀξύτατον·
1592 3356 1709 3438 χαίρων
1730 3356 1783 3419 καὶ
1802 3358 1910 3443 τρίτον
1933 3344 2009 3433 dxcv
2029 3355 2082 3434 ἴη“
2103 3355 2179 3416 itcr-

375 3466 464 3522 atum
485 3457 517 3538 t'q
538 3478 604 3520 non
626 3465 677 3520 est
698 3455 934 3541 imperfectum,
964 3456 1051 3542 quod
1079 3456 1162 3522 male
1191 3477 1251 3542 pro
1272 3458 1392 3521 consto
1413 3457 1557 3542 positum
1577 3464 1668 3522 esset
1688 3456 1745 3544 (de
1768 3458 1872 3543 primo
1895 3474 1976 3524 sono
1998 3478 2048 3522 vs.
2068 3458 2090 3520 4
2111 3449 2178 3521 elus

378 3559 526 3648 dictum),
547 3557 607 3624 sed
628 3579 786 3644 praesens
808 3557 1008 3641 historicum,
1033 3559 1119 3646 quod
1142 3557 1281 3626 dicunt¹
1485 3561 1487 3568 ’
1950 3565 1953 3570 “

1196 3748 1263 3824 Vs.
1292 3750 1351 3820 23.

502 3881 693 3967 Bergkiana
714 3881 885 3963 restitutio,
909 3901 1095 3966 quanquam
1117 3880 1158 3946 ab
1181 3891 1320 3968 utroque
1335 3878 1517 3952 Fritaschio
1532 3878 1679 3966 probata,
1703 3879 1781 3944 mihi
1804 3888 1837 3943 et
1859 3878 2010 3944 dictionis
2034 3887 2068 3945 et
2082 3879 2179 3945 collo-

377 3987 514 4052 cationis
536 3983 713 4050 verborum
735 3982 925 4047 difficultate
948 3981 1098 4047 laborare
1120 3984 1259 4065 videtur,
1287 4005 1349 4048 nec
1371 3983 1489 4068 placet,
1520 3982 1607 4069 quod
1637 3982 1835 4048 desiderium
1857 3983 1952 4045 unius
1975 3983 2052 4047 anni
2072 3983 2179 4068 spatio

378 4085 665 4153 circumscribitur.
707 4085 745 4150 In
766 4079 817 4164 iis,
840 4105 923 4170 quae
947 4084 1044 4167 edidi,
1067 4091 1207 4164 χαλεπῶν
1227 4105 1327 4150 νοντα
1349 4085 1388 4148 17
1411 4085 1670 4168 commendatum
1693 4085 1847 4159 ἐνιαυτοῖς
1870 4106 1948 4150 vcro
1971 4083 2087 4150 eodem
2109 4084 2178 4147 fere

377 4213 478 4256 sensu
500 4190 621 4254 dictum
645 4197 704 4269 ast,
727 4208 792 4273 quo
814 4187 913 4254 Diod.
929 4192 959 4269 3,
974 4189 1015 4250 69
1035 4185 1075 4253 τὰ
1098 4188 1253 4269 δυνάμενα
1274 4190 1314 4252 δι’
1335 4188 1484 4253 ἐνιαυτῶν
1505 4184 1801 4274 διαφυλάττειντὴν
1822 4183 1964 4269 sindica,
1987 4185 2029 4254 cs.
2043 4183 2179 4251 Leonid.

377 4292 476 4358 Anth.
493 4291 561 4358 Pal.
575 4293 603 4374 7,
620 4287 836 4371 549111ξειῶ
862 4287 927 4354 οὐδ’
953 4291 1044 4354 αἰῶνι
1063 4288 1135 4371 γόον
1155 4319 1198 4348 a
1219 4288 1258 4355 δι’
1285 4291 1398 4366 αἰῶνος
1420 4297 1454 4354 et
1474 4288 1673 4372 ἀγωνοθέτου
1693 4289 1738 4354 ἕνα
1759 4289 1888 4375 ἐνιαύτῳ
1908 4319 1951 4346 --
1972 4289 2010 4354 δι’
2037 4287 2179 4354 ἐνιαυτοῦ

377 4399 409 4460 in
431 4397 525 4460 titulo
546 4393 746 4481 Mitylenaeo
769 4392 806 4462 O.
823 4392 853 4460 .1.
876 4414 924 4462 nr.
946 4391 1038 4460 2189.
1060 4390 1279 4462 Accusativus
1301 4393 1453 4467 ἐνιαυτοὶς
1474 4393 1580 4456 minus
1600 4391 1756 4478 placeret.

1200 4621 1267 4698 Vs.
1295 4627 1354 4699 24.

504 4761 678 4847 Bergkius,
702 4783 799 4849 quem
821 4759 939 4847 reliqui
962 4759 1197 4846 sequutisunt,
1220 4759 1294 4844 ipsa
1314 4779 1429 4822 versus
1451 4756 1526 4846 legs
1548 4757 1746 4846 requirente,
1768 4768 1805 4822 ut
1825 4757 1913 4840 dicit,
1937 4753 2005 4822 ποτ’
2032 4757 2065 4820 in
2088 4757 2175 4842 πραΰ

379 4865 526 4948 mutavit,
548 4886 657 4962 nqque
680 4874 789 4929 tamen
811 4861 971 4948 exemplis
995 4861 1113 4944 docuit,
1142 4860 1176 4925 id
1199 4859 1285 4948 quod
1309 4859 1462 4944 debebat,
1490 4859 1591 4924 ullum
1614 4861 1778 4926 Graecum
1801 4860 1982 4948 macereas
2009 4857 2090 4948 πρός
2109 4883 2179 4924 τινα

381 4968 495 5034 eodem
519 4989 618 5033 sensu
640 4966 774 5049 dixisse,
798 4987 862 5052 quo
885 4964 946 5030 hoc
968 4963 1105 5030 verbum
1127 4961 1227 5048 vulgo
1250 4961 1346 5026 modo
1368 4985 1441 5026 cum
1464 4955 1653 5027 accusativo
1676 4961 1772 5025 modo
1795 4982 1870 5025 curn
1891 4960 2002 5026 dativo
2019 4962 2180 5048 jungitur.

379 5069 496 5156 Neque
519 5070 603 5134 euim
626 5067 735 5134 lexica
757 5069 936 5156 μέμφεσθαι
957 5065 1038 5155 πρός
1059 5090 1129 5133 τινα
1155 5065 1219 5132 alio
1246 5087 1346 5130 sensu
1368 5065 1508 5161 positum
1538 5073 1721 5151 agnoscunt
1743 5085 1839 5150 quam
1861 5053 2070 5150 „vituperare
2093 5059 2181 5146 apud

380 5171 553 5258 aliquem“‚
575 5183 611 5236 ut
632 5170 785 5257 Xenoph.
808 5171 890 5239 Oea.
914 5171 962 5254 11,
985 5169 1026 5235 23
1048 5170 1228 5258 μέμφεαθαί
1247 5191 1317 5236 τινα
1338 5167 1419 5257 πρὸς
1440 5167 1514 5242 τοὺς
1536 5170 1656 5254 φίλους,
1684 5166 1772 5253 quod
1800 5166 1842 5234 ab
1869 5166 1931 5232 hoc
1957 5165 2030 5232 loco
2053 5162 2182 5232 alienis·

2194 5381 2206 5417 Ι

2186 5427 2192 5445 ν

2104 5487 2166 5880 ,
