4984 5908
1183 479 1223 544 15

300 691 466 780 Equidem
486 691 595 758 audeo
618 693 798 778 conjicere:
820 692 1001 780 ὀφρονᾶν
1021 689 1133 782 ὄροςι
1154 696 1288 760 Βοιωτοὶ
1309 692 1411 775 omes
1439 691 1509 771 ἔχον
1530 693 1584 756 καλ
1604 685 1735 772 ὑψηλόν.
1778 687 1936 754 Conferas
1959 685 2102 774 glossam

301 795 534 886 ὀρροὸινιαε
555 795 696 881 λοιρώδη,
717 791 841 876 ὑψηλόν
863 803 897 860 et
918 794 959 864 dc
982 798 1101 878 οὶδημα
1122 799 1198 874 ἔχων
1218 827 1261 856 =
1281 797 1428 884 λορώδης
1450 795 1584 866 Αιίιλολ.
1607 791 1743 864 Meteon.
1766 791 1795 868 2,
1818 792 1837 856 8
1860 791 1892 856 ἐν
1912 790 2012 874 ταύτῃ
2035 791 2104 873 ἐξα-

303 899 523 986 spinarensis
543 903 598 980 γῆς
619 901 675 966 καλ
696 898 785 979 ἀνῄει
805 891 876 966 οἷον
896 899 1042 986 λοφώδης
1063 897 1165 980 iquos,
1188 908 1255 969 tum
1279 898 1376 964 Ovid.
1398 897 1473 971 Am
1494 897 1525 980 2,
1548 897 1588 965 16
1607 901 1693 964 extr.
1714 893 1834 960 tumidi
1850 902 1977 963 ιαοιιιιι.
2021 892 2104 961 Con-

301 1007 438 1070 tractum
460 1022 539 1068 vero
562 1000 650 1066 est'
635 1006 777 1122 ορρογᾶν
799 1021 841 1072 ex
864 1002 1020 1090 ὀφριηᾶιν
1041 1003 1296 1088 (ntBoeoticum
1319 1005 1488 1088 Τιλφῶσσα
1510 1023 1528 1068 e
1550 998 1728 1086 Τιλιρόιοοα
1748 995 1849 1063 Diall
1863 995 1992 1082 1,,202)
2016 993 2103 1082 quod

300 1101 472 1169 descendit
493 1101 570 1172 ab'
557 1104 744 1192 opqvpti:
701 1103 872 1191 -λώφος,
915 1103 1027 1170 Verba
1048 1101 1227 1193 ὀφρογᾶν”
1208 1127 1286 1196 ορος
1308 1105 1457 1174 fortasse
1471 1109 1546 1176 sunt
1568 1101 1741 1173 Corinnae.
1777 1097 1927 1166 Utntres
1942 1119 1978 1162 ee
1995 1095 2103 1180 habet,

299 1205 357 1270 vix
378 1204 520 1276 dubitari
541 1214 653 1292 potest
674 1206 753 1293 quin
774 1205 837 1274 hac
858 1205 970 1294 glossa
999 1208 1202 1282 confiscatur
1228 1207 1424 1274 Boeotioum
1451 1203 1584 1290 aliquod
1606 1203 1696 1271 vocis
1725 1202 1826 1292 ὀφρῦς
1848 1185 2079 1284 derivatum,
2070 1221 2103 1262 ιιι

303 1329 370 1394 quo
392 1308 490 1394 stirpe
513 1307 615 1398 ὀρρν-
636 1309 896 1395 assumpseritp.
947 1307 1000 1376 sd
1022 1309 1158 1378 eandem
1192 1309 1367 1382 dialectum
1390 1308 1506 1374 referri
1527 1313 1637 1424 potest
1657 1302 1805 1391 glossa’
1790 1301 1969 1393 οφριγή-τ-
1926 1299 2104 1390 ..sequa

300 1431 376 1484 nam
401 1408 538 1485 dialecti
566 1412 749 1498 proprietas
779 1412 812 1478 in
841 1411 1067 1481 terminatione
1094 1411 1180 1500 apud
1213 1411 1417 1499 Hesychium
1445 1409 1576 1496 saepius
1605 1429 1671 1475 non
1699 1415 1853 1473 accurate
1884 1411 2015 1472 servata
2043 1409 2104 1475 est.

303 1512 443 1584 Videtur
463 1521 575 1581 autem
597 1514 694 1594 etiam
715 1513 781 1582 alia
800 1513 961 1600 Hesychii
982 1513 1095 1600 glossa
1116 1513 1180 1580 huc
1201 1515 1365 1602 pertinere
1389 1513 1494 1580 doctis
1516 1511 1595 1581 viris
1618 1509 1864 1589 obscurissima:
1901 1574 1902 1583 ,
2015 1579 2017 1586 ⁴

425 1635 663 1722 κολολῳραξι
716 1637 913 1724 Ταναγραῖος
944 1633 1121 1721 ἀλεκτρυών
1151 1637 1205 1702 καὶ
1236 1632 1313 1724 ὄρος
1345 1636 1504 1710 Βοιωτίας.
1559 1629 1790 1718 comparanda
1819 1638 1898 1696 eunt
1922 1627 2048 1714 steph..
2064 1627 2104 1694 B.

297 1735 639 1820 'Asrsse›r6otsts,
660 1737 692 1806 ot
713 1737 745 1803 ἰν
766 1741 900 1824 Βοιωτίᾳ
921 1741 1207 1828 Κολολφρογες,
1230 1739 1273 1817 ὡς
1289 1737 1524 1828 ’λριοτοφάιης
1544 1734 1563 1802 ὁ
1583 1734 1659 1810 τοὺς
1680 1737 1835 1819 Θηβαίους
1860 1730 2105 1823 temeratione

303 1845 336 1903 et
358 1837 448 1908 5}le
472 1839 544 1923 526,
568 1839 584 1904 1
607 1838 819 1930 ιιολόφροξε
841 1840 859 1907 6
882 1839 1091 1928 emonem
1114 1865 1132 1906 κ
1155 1842 1313 1932 περισσόν.

426 1957 542 2025 Lectio
562 1958 782 2048 Etymologici
803 1961 913 2028 verior
934 1961 1126 2052 videtne),
1150 1965 1297 2051 quamvis
1320 1963 1432 2048 inepta
1453 1960 1496 2023 sit
1517 1955 1717 2045 etymologia
1738 1958 1784 2022 ibi
1806 1955 1984 2044 proposita.
2017 1953 2101 2018 Nam

304 2062 473 2151 κολόφριξ,
496 2061 525 2126 si
542 2061 635 2149 justa
656 2064 890 2152 compositione
914 2086 931 2130 e
954 2065 1046 2141 κόλος
1069 2077 1102 2131 et
1122 2063 1226 2156 ὄρροξ
1240 2097 1282 2123 =
1296 2066 1397 2155 ὀφρῦς
1419 2063 1541 2128 factum
1558 2060 1734 2150 judicatur,
1758 2057 1921 2146 quomodo
1942 2056 1984 2124 ad
2000 2055 2102 2144 gallos

303 2164 515 2252 Tanagraeos
539 2163 689 2232 adhiberi
710 2166 861 2254 potuerit,
883 2187 948 2232 non
969 2167 1059 2237 latet.
1096 2169 1187 2250 Quos
1210 2189 1308 2256 qnam
1330 2166 1591 2254 pugnacissimos
1613 2162 1715 2227 fnisse
1737 2170 1875 2246 constet,
1897 2182 1962 2225 non
1976 2167 2105 2247 poterat

301 2265 391 2349 fieri,
426 2268 504 2353 quia
537 2289 649 2334 eorum
681 2269 801 2342 nasae
834 2291 935 2356 saepe
968 2292 1033 2339 non
1057 2272 1164 2345 minus
1191 2269 1323 2338 mutilae
1352 2277 1465 2336 essent
1490 2289 1587 2355 quam
1618 2267 1794 2354 insignium
1821 2263 1968 2352 pugilum
1995 2284 2101 2328 aures.

303 2367 461 2438 conferas
484 2369 582 2438 modo
604 2369 771 2458 Aristoph.
798 2371 884 2460 qu.
906 2373 979 2455 495,
1012 2373 1069 2438 nbi
1098 2373 1337 2455 ἀλλαντοπώλης
1363 2371 1474 2440 serbis
1505 2368 1705 2466 agellorum
1732 2391 1844 2456 pugna
1870 2363 2034 2436 nanslatis
2061 2363 2102 2428 ad

302 2479 470 2548 testamen
492 2472 682 2538 excitatur*
699 2475 836 2558 μέμνησο
863 2481 918 2540 νῦν
940 2475 1071 2560 δάκνειν,
1097 2477 1282 2565 διαβάλλειν,
1309 2474 1383 2552 τοὺς
1405 2475 1522 2561 λόφοις
1548 2474 1731 2543 κατεσθίειν.
1773 2468 1883 2544 Facile
1906 2477 2015 2539 autem
2036 2487 2103 2534 vox

303 2575 413 2665 ὀφρῦς,
436 2595 519 2661 quas
543 2573 773 2648 dementibus
796 2576 886 2642 dicta
906 2598 980 2646 cum
1002 2579 1101 2668 λόφος
1124 2589 1158 2648 et
1178 2579 1294 2648 Latino
1317 2581 1427 2660 crista,
1455 2584 1566 2645 nostro
1588 2575 1697 2645 Ιιοηιινι
1718 2594 1902 2660 synonyme
1923 2579 1983 2653 est,
1996 2568 2102 2639 ‚etiam

304 2678 347 2744 td
369 2679 476 2765 ipsam
497 2676 657 2764 gallorum
681 2680 814 2748 cristam
840 2680 957 2768 (λόφον,
978 2681 1098 2768 kamm)
1129 2680 1277 2757 adhibita
1297 2690 1438 2768 putatur.
1481 2675 1651 2767 Κολόφραξ
1671 2677 1770 2762 igitur
1791 2683 1843 2740 cst
1863 2673 1969 2766 gallus
1992 2669 2105 2738 mutila

302 2781 411 2864 crista,
440 2801 539 2868 quem
565 2801 624 2854 nos
651 2778 767 2855 dicere
797 2803 971 2870 possamus
994 2785 1193 2850 statslconms.
1221 2783 1307 2855 Nec
1329 2783 1435 2848 minas
1462 2780 1653 2868 intelligitur
1672 2785 1816 2850 montem
1837 2774 1979 2862 iliquem
1999 2775 2103 2862 3⁰6⁰·

304 2883 380 2966 tiae,
404 2883 459 2969 qui
480 2877 648 2949 mutilatae
671 2883 751 2972 galli
772 2887 892 2951 cristae
915 2885 1158 2954 similitudinem
1180 2885 1366 2973 praeberet,
1388 2885 1557 2972 Κολώρριξ
1578 2883 1645 2950 dici
1665 2881 1821 2971 potuisse.
1857 2877 2031 2968 Difficilior
2053 2883 2105 2944 est

305 2983 464 3104 Stephani
485 2984 586 3069 locus,
611 2987 688 3074 quia
711 2986 751 3054 de
772 2985 1107 3076 Anticondylensibus
1129 2987 1209 3054 nihil
1229 2998 1401 3076 praeterea
1422 2996 1565 3071 constat;
1587 2985 1725 3050 fortasse
1748 2983 1794 3048 illi
1816 2983 1944 3046 nomine
1962 2979 2102 3068 joculari

304 3088 461 3154 avieinis
484 3085 594 3174 aliqua
616 3089 658 3154 de
681 3111 783 3156 cansa
804 3091 1004 3182 Κολόφριγες
1026 3091 1104 3156 dicti
1133 3100 1224 3180 eumq
1252 3091 1343 3159 loeus
1369 3100 1478 3156 tamm
1507 3088 1548 3156 ab
1571 3094 1765 3174 excerpsere
1787 3082 1996 3150 hauddubie
2018 3081 2102 3147 male

303 3189 433 3255 habitus
456 3197 573 3257 est.—
596 3189 789 3258 Boeoticum
811 3216 890 3260 vero
913 3190 1025 3312 cippati,
1053 3191 1254 3282 ὄφριγοςε
1276 3192 1387 3312 ὀρρῢς,
1409 3191 1497 3282 quod
1520 3214 1563 3257 ex
1584 3189 1647 3264 illia
1670 3189 1789 3276 glossis
1812 3185 2005 3269 elicitur‚et
1992 3185 2103 3248 tles-

304 3275 471 3380 bianum
456 3315 609 3381 οφριιγων,
633 3293 721 3382 qnod
743 3293 851 3362 codex
873 3298 1024 3364 carminis
1040 3291 1229 3364 Theocritei
1251 3287 1345 3382 sistit,
1368 3317 1467 3386 quum
1490 3293 1626 3361 alterum
1649 3293 1751 3361 altero
1774 3291 1851 3356 satis
1874 3287 1994 3352 firman
2014 3285 2103 3352 vide·

304 3403 399 3460 antur
422 3398 494 3482 laec
515 3417 628 3513 panca·
644 3396 792 3465 dialectis
815 3387 958 3468 sleolicis
980 3397 1179 3466 Boeotorum
1208 3409 1242 3465 et
1261 3349 1456 3467 Leslliornm
1478 3397 1661 3464 communia
1688 3398 1784 3478 sunt),
1807 3411 1966 3480 quaerere
1991 3388 2101 3464 restat,

306 3497 393 3562 unde
415 3490 493 3564 illud
515 3521 533 3584 γ
555 3498 630 3564 voci
653 3497 811 3571 accedere
840 3499 992 3588 potuerit.
1042 3499 1234 3571 Schwabius
1261 3502 1332 3567 id'
1323 3525 1356 3566 m
1379 3498 1484 3566 locutis
1508 3498 1699 3665 antiquioris
1717 3495 1877 3583 digammi
1899 3491 2100 3558 successisse

305 3607 415 3687 putat,
441 3599 504 3666 nisi
531 3599 640 3691 ipsum
668 3600 829 3721 iqqtiforr,
856 3601 890 3670 id
921 3603 1008 3692 quod
1034 3601 1191 3700 praefert,
1220 3601 1454 3672 restituendum
1482 3604 1533 3667 sit.
1581 3597 1810 3686 Atdigammi
1836 3593 1976 3682 abrpso
2005 3599 2103 3680 polita

305 3703 420 3790 scripti
446 3701 499 3770 in
510 3711 578 3768 toto
608 3707 760 3789 carmine,
789 3715 826 3770 ut
846 3705 1012 3796 Bergkius
1040 3714 1129 3775 recte
1162 3709 1295 3794 notavit,
1327 3703 1449 3770 nullum
1477 3703 1663 3792 vestigium,
1695 3723 1757 3766 nec
1784 3692 1889 3807 magis
1912 3691 1945 3762 lsi
1965 3697 2100 3782 reliquis

305 3791 472 3872 Theocriti
494 3803 649 3876 Aeolicis:
692 3807 843 3881 Potuisse
867 3831 939 3878 eam
960 3809 1099 3878 litteram
1123 3809 1198 3875 olim
1220 3817 1295 3896 post
1315 3833 1333 3873 α
1347 3817 1431 3874 ante
1459 3813 1634 3896 sequentes
1657 3795 1825 3870 vocales
1816 3796 1924 3884 maeri,
1954 3799 2100 3886 potuisse

306 3907 404 3974 etiam
425 3909 572 3999 postea
562 3931 596 3973 m
616 3931 634 3992 γ
654 3913 771 3976 mutari
793 3933 857 3976 non
878 3935 980 3999 negoJ
1003 3914 1070 3978 veri
1093 3921 1201 3980 tamen
1222 3909 1356 3978 similius
1379 3911 1456 3976 mihi
1472 3909 1601 3974 videtur
1622 3931 1639 3992 γ
1660 3929 1703 3972 cx
1725 3905 1883 3994 antiquo'
1869 3928 1883 3990 J
1900 3909 2010 3968 natum
2026 3921 2100 3966 esse

303 4009 389 4076 inter
409 4007 543 4076 vocales
565 4011 699 4096 inserto,
721 4013 763 4081 cf.
785 4011 883 4083 Diall
906 4013 949 4100 ll,
972 4015 1043 4084 241.
1065 4012 1138 4098 571,
1164 4016 1221 4082 ubi
1243 4013 1285 4080 ad
1308 4037 1381 4079 eum
1403 4011 1500 4100 hujus
1528 4009 1655 4078 litterae
1678 4031 1772 4074 usum
1792 4007 1947 4074 revocavi
1968 3985 2101 4095 ἡρώιον,

181 4179 187 4192 ,
302 4117 472 4199 βασιλῆιος,
499 4113 630 4198 porcium
658 4115 692 4180 in
719 4115 820 4180 titulis
847 4118 991 4186 inventa.
1041 4117 1088 4184 Ut
1116 4117 1255 4204 autsmj
1279 4115 1311 4180 in
1333 4117 1432 4180 variis
1443 4038 1581 4201 Jlinguis
1609 4137 1707 4202 saepe
1729 4114 1763 4177 in
1785 4136 1807 4198 g
1829 4109 1937 4176 abisse
1962 4117 2098 4190 constet,

302 4217 350 4283 ita
371 4216 469 4282 etiam
494 4199 576 4282 illud
598 4241 636 4304 g,
667 4218 764 4337 quod
776 4217 894 4288 Latina
919 4220 1032 4308 lingua
1058 4219 1229 4306 aliquoties
1251 4219 1337 4284 inter
1361 4215 1493 4286 vocales
1516 4219 1672 4283 insertum
1694 4213 1810 4297 habet,
1839 4214 1929 4276 utin
1950 4215 2032 4278 stra'-
2022 4235 2100 4299 -pes,

303 4343 347 4384 ee·
350 4341 416 4408 gea,
439 4321 578 4386 eandem
608 4319 768 4408 originem
798 4321 895 4409 sapit,¹
926 4346 987 4388 nec
1009 4323 1115 4389 minus
1145 4319 1269 4408 quod
1261 4343 1294 4384 sn
1319 4320 1432 4408 lingua
1459 4319 1655 4404 Neograeca
1681 4337 1780 4404 saepe
1808 4313 1982 4381 similem
1973 4338 2006 4379 m
2034 4335 2099 4378 mo-

304 4416 379 4487 dum
401 4417 548 4494 additum
570 4422 741 4510 reperitur,
765 4432 800 4488 ut
822 4427 948 4517 accipe,
970 4433 1074 4509 pcipe,
1094 4423 1249 4508 γεώγοιιαι,
1272 4425 1313 4493 of.
1331 4423 1431 4490 Giese
1447 4422 1534 4492 Dial.
1549 4422 1641 4490 Aeol.
1655 4445 1686 4508 p
1701 4421 1772 4504 295,
1794 4417 1938 4484 Mnllach
1953 4415 2099 4498 Gramm.

304 4515 380 4610 ling.
397 4523 516 4596 Graec.
532 4523 621 4612 vulg.
637 4546 669 4614 p.
687 4527 749 4594 140
765 4547 858 4616 seqq
902 4527 1041 4594 Constat
1060 4537 1169 4594 eutem
1192 4537 1225 4592 et
1245 4525 1389 4614 linguam
1411 4525 1560 4597 Latinam
1583 4535 1616 4590 et
1637 4523 1861 4608 Neograecam
1885 4517 1973 4588 haud
1994 4543 2100 4606 pauca

305 4644 380 4688 cnm
408 4625 556 4695 dialectis
577 4627 723 4694 Aeolicis
754 4629 938 4695 communia
963 4629 1095 4700 habere.
1146 4625 1271 4696 Eadem
1299 4629 1433 4699 mutatio
1461 4625 1733 4715 estinHesyelr.
1760 4623 1847 4707 ώγηε
1884 4619 2097 4750 praeposta

413 4844 457 4911 12)
475 4845 543 4900 Nolo
568 4853 659 4902 λαοιοιι
682 4845 854 4922 ιιολοίφρνγις
879 4863 953 4901 mero
979 4845 1145 4904 liburnorum
1164 4845 1307 4918 sphalmati
1325 4847 1449 4912 tribuere,
1471 4847 1520 4900 sed
1539 4861 1656 4915 agnosco
1674 4845 1797 4900 vitiosam
1814 4843 1889 4897 illam
1907 4843 2098 4913 pronuntiatio-

302 4953 371 5000 nem,
389 4937 450 5003 'qne
470 4937 576 5004 saepius
600 4937 726 4993 brevibus
749 4941 888 4994 vocalibus
908 4947 971 4996 ants
991 4947 1147 5009 sequentem
1170 4921 1321 5006 consonam,
1344 4941 1509 5008 potissimam
1534 4947 1596 4993 ante
1620 4937 1687 4990 (inas
1709 4943 1859 5006 sequentes,
1885 4939 1940 4990 iota
1964 4930 2096 5005 adiicitur

301 5028 367 5096 Ejus
385 5029 491 5096 generls
509 5036 571 5082 sunt
585 5032 613 5082 in
627 5029 712 5084 titulis
730 5033 867 5087 Boeoticis
886 5027 1037 5098 Θιιοιαιῑος
1056 5041 1083 5086 st
1100 5025 1333 5103 fAerupasbtivrmq
1353 5031 1437 5084 Dlell.
1457 5031 1493 5096 Π,
1513 5033 1574 5096 618,
1591 5034 1621 5082 in
1637 5031 1745 5084 Derieis
1761 5029 1942 5102 παρείοχημαι
1959 5031 1986 5079 st
2003 5025 2096 5098 leoque

307 5118 474 5185 *immi
490 5120 553 5178 ⁸4¹·
572 5121 633 5185 ¹⁹⁰,
650 5123 680 5174 in
697 5124 792 5177 lonico
811 5127 842 5179 0.
854 5127 877 5178 1.
889 5139 930 5178 ar.
942 5124 1012 5176 2691
1032 5119 1274 5194 ιζιιθραιιιύονιος
1294 5143 1326 5170 ==
1348 5135 1473 5195 ocrem,
1492 5130 1547 5176 tum
1565 5122 1705 5177 λοοιιοιια
1722 5121 1822 5198 actae
1839 5137 1887 5192 pse
1903 5113 1995 5192 ιιιίιρο
2008 5119 2094 5174 vien.

301 5213 328 5276 1,·
342 5215 388 5279 tt,
406 5215 502 5282 ηαλλιιιι
520 5215 576 5266 alia
593 5214 665 5267 nand
680 5229 769 5285 peace
785 5219 850 5272 addi
868 5225 978 5288 possam
997 5220 1032 5272 et.
1051 5216 1114 5270 Keil
1130 5217 1220 5272 Anall.
1234 5217 1328 5288 epigr.
1347 5233 1375 5288 p.
1394 5217 1440 5269 9³.
