4984 5908
1232 491 1273 557 22

1155 591 1356 603 -ι-...ι-

352 705 433 778 Ood.
455 732 504 776 vs.
526 707 577 773 27.
599 705 665 795 28),
696 713 805 772 tamen
832 705 962 792 punctis
991 703 1055 770 illis
1079 708 1295 793 superpositis
1316 707 1471 790 noscitur,
1503 705 1543 774 cf.
1571 705 1662 776 Bast.
1686 704 1810 776 Oomm.
1837 703 2010 796 Palaeogr.
2033 727 2064 797 p.
2088 707 2159 776 718.

356 813 426 878 727.
449 813 521 878 135.
563 811 719 896 Agnosco
741 817 849 874 autem
870 808 1042 874 Aeolicum
1064 807 1201 874 verbum
1224 808 1362 891 ἐπόθημι
1382 839 1425 866 ==
1446 809 1570 874 ίαοθίω
1592 831 1666 874 cum
1689 813 1844 899 φροντίζω
1866 833 2095 899 synonymum,
2116 814 2159 883 cs.
2217 823 2219 828 '

353 924 488 1003 practer
509 914 721 980 Homericum
743 909 865 992 ὄθομαι
886 943 928 971 =
950 914 1106 1000 φροντίζω
1126 909 1340 998 Hesychiana
1366 908 1453 994 ὄθηι
1475 915 1616 1001 φροντίς,
1644 909 1722 1001 ὄρα,
1743 912 1853 1002 φόβος,
1873 911 1966 999 λόγος
1986 913 2160 983 -όθεόειε

354 1017 429 1102 ὄφει,
451 1019 610 1106 φροντίζει
631 1053 671 1065 —-
694 1015 833 1081 όθίωνι
857 1018 1029 1104 φροντίζων
1051 1055 1084 1067 -
1113 1012 1273 1081 ὄθεσαν;
1301 1014 1552 1104 ἐπεστράφησαν.
1595 1014 1648 1080 Ι)ε
1675 1017 1919 1103 praepositione
1942 1018 1983 1086 ef.
2007 1020 2158 1100 μέλεσθαι

353 1123 565 1206 ἐπιμέλεσθαι.
608 1119 762 1205 Denique
783 1142 802 1182 ω
824 1121 884 1205 pro
906 1118 1035 1204 vulgari
1056 1141 1074 1182 ο
1095 1118 1129 1181 in
1149 1114 1288 1182 Aeolide
1310 1138 1376 1182 non
1398 1139 1507 1182 rarum
1529 1125 1579 1182 cst
1601 1117 1714 1204 (Diali.
1735 1117 1760 1202 I,
1783 1119 1822 1184 81
1847 1122 1967 1208 seqq),
1995 1123 2089 1208 cujus
2111 1125 2160 1188 rei

358 1247 460 1292 causa
491 1223 538 1288 ibi
574 1223 716 1288 maxime
750 1230 900 1307 apparet,
933 1221 991 1285 nbi
1022 1222 1055 1284 in
1087 1220 1313 1306 antiquissima
1344 1218 1457 1306 lingua
1488 1219 1596 1286 suerat
1628 1219 1756 1308 syllaba
1782 1245 1840 1306 oa,
1874 1244 1958 1309 quae
1987 1223 2021 1288 in
2049 1221 2162 1312 lingua

357 1328 524 1393 Sanscrita
547 1333 580 1390 et
601 1324 734 1410 reliquis
758 1324 906 1409 cognatis
937 1345 1037 1410 saepe
1066 1324 1099 1387 in
1120 1346 1143 1386 ιι
1166 1323 1375 1406 contrahitur,
1404 1323 1436 1386 in
1460 1321 1591 1389 Graeca
1612 1333 1646 1389 et
1665 1322 1784 1390 Itatina
1805 1325 1904 1391 etiam
1924 1325 1959 1390 in
1980 1349 2009 1408 o,
2031 1325 2072 1392 de
2095 1350 2160 1415 qua

354 1455 389 1496 re
412 1429 482 1495 dixi
502 1431 535 1494 in
559 1427 636 1494 diss.
658 1426 698 1492 de
721 1428 801 1516 Δρῢς
821 1449 853 1512 p.
877 1427 906 1510 8,
937 1428 976 1491 cf.
1000 1448 1083 1512 quae
1106 1446 1206 1512 supra
1228 1426 1270 1490 ad
1293 1448 1338 1493 vs.
1361 1425 1381 1490 2
1403 1423 1588 1491 dictasunt
1609 1424 1650 1491 de
1672 1424 1809 1492 Aeolico
1831 1427 1962 1516 πίσυρες
1988 1427 2159 1496 etDoricc

354 1535 480 1621 τέτορες
502 1551 547 1596 ex
568 1532 701 1617 antiquo
724 1531 863 1594 λεαίνων
885 1528 1030 1616 (Senser.
1052 1527 1176 1616 ίοάίαν)
1197 1529 1293 1593 natis.
1328 1527 1379 1592 Εο
1401 1550 1481 1594 vero
1503 1530 1646 1616 pertinet
1665 1529 1744 1595 illud
1769 1525 1890 1612 ὄθομαι
1912 1549 1986 1596 cum
2008 1528 2071 1615 ὄθη
2095 1541 2157 1600 etc.

355 1637 440 1701 Nam
462 1657 480 1700 e
502 1633 614 1699 radice
637 1633 807 1698 Senserita
832 1633 920 1697 οαάΙι
948 1631 1104 1719 (pulsam,
1126 1631 1240 1716 ferire)
1262 1629 1443 1696 accedente
1459 1652 1556 1718 guno,
1584 1653 1683 1718 quem
1704 1631 1826 1717 dicunt,
1855 1635 1978 1700 sactum
2002 1643 2054 1700 est
2072 1639 2159 1702 αάοίίι

357 1741 505 1828 (vexare,
527 1733 735 1823 perturbare)
758 1756 831 1798 cum
854 1732 1058 1800 substantivo
1085 1734 1195 1798 voute
1217 1733 1239 1797 f.
1267 1733 1487 1822 (tormentum,
1516 1735 1690 1820 cruciatus,
1719 1735 1836 1822 dolor).
1888 1734 1933 1800 Ut
1960 1760 2040 1804 vero
2063 1737 2159 1824 άλίηω

357 1864 430 1908 cum
453 1837 545 1923 άλνος
567 1821 775 1925 conjunctum
798 1845 857 1920 est,
887 1845 1032 1902 nostrum
1054 1837 1123 1907 sict
1144 1837 1311 1900 kitmrneru
1334 1857 1408 1901 cum
1429 1836 1592 1918 Κανίνιον,
1620 1838 1667 1903 ita
1688 1837 1847 1905 credibile
1870 1848 1921 1905 est
1942 1861 2158 1928 synonymum

357 1943 419 2010 illis
442 1941 580 2008 verbum
602 1939 724 2024 ὄθομαι
744 1939 787 2004 ad
808 1940 954 2004 radicem
974 1937 1062 2004 casib
1084 1937 1293 2004 referendum
1320 1943 1405 2024 esse,
1432 1937 1569 2004 Aeolice
1590 1961 1670 2005 vero
1693 1963 1765 2006 eam
1788 1942 1924 2028 stirpem
1946 1944 2158 2031 antiquiorem

357 2049 494 2113 lormam
514 2042 560 2110 to
582 2043 639 2130 (ex
662 2044 740 2130 fab)
768 2064 929 2108 servasse.
980 2041 1047 2107 (ίαν
1073 2043 1107 2106 in
1134 2039 1304 2125 ότόθησθα
1332 2043 1400 2106 iota
1420 2039 1681 2128 subscripserim,
1708 2064 1786 2108 mox
1807 2043 1988 2130 apparebit
2023 2089 2060 2102 -
2093 2049 2159 2115 Pro

357 2148 480 2239 φόροις,
503 2147 591 2233 quod
613 2145 721 2212 codex
741 2144 888 2232 praebet,
909 2143 1074 2232 Bergkius
1097 2143 1200 2210 edidit
1221 2145 1339 2234 φόρεις,
1368 2166 1554 2232 quanquam
1576 2145 1687 2234 φόρης
1714 2144 1802 2232 quod
1824 2153 1858 2211 et
1877 2147 1984 2233 ipsum
2007 2171 2025 2214 e
2046 2152 2160 2240 φόροις

358 2252 432 2317 elici
453 2271 551 2336 posse
574 2249 662 2332 dicit,
691 2248 867 2334 genuinam
894 2248 1031 2312 formam
1053 2245 1221 2312 Aeolicam
1250 2269 1324 2313 esse
1352 2247 1472 2312 docere
1502 2246 1636 2315 studuit.
1685 2247 1761 2333 lpse
1792 2247 2158 2356 olim(1)iali.1,139)‚

358 2373 544 2442 quanquam
564 2351 757 2437 Apollonius
787 2348 835 2416 de'
856 2358 941 2436 synt.
964 2372 995 2436 p.
1018 2351 1058 2415 92
1091 2349 1204 2436 (Diall.
1226 2351 1252 2435 I,
1273 2351 1329 2438 91)
1358 2349 1446 2436 apud
1472 2348 1594 2416 Aeoles
1620 2349 1783 2416 secundas
1810 2373 1968 2438 personas
1994 2375 2159 2442 nunquam

359 2457 413 2526 διὰ
433 2460 489 2523 τοῦ
512 2479 527 2521 ε
549 2453 627 2542 (leg.
649 2455 690 2541 ει)
713 2453 813 2517 scribi
834 2453 942 2536 tradit,
964 2460 1072 2518 tamen
1094 2453 1205 2518 verbis
1227 2451 1372 2518 Aeolicis
1394 2453 1427 2516 in
1449 2475 1519 2535 -ημι
1540 2451 1703 2518 εεοααόεε
1729 2473 1887 2540 personae
1909 2455 1942 2518 in
1964 2479 2017 2540 εις,
2045 2459 2158 2524 tertias

356 2565 391 2627 in
413 2585 440 2628 ει
460 2557 626 2627 vindicavi
646 2555 697 2620 his
720 2556 923 2642 potissimum
947 2555 1054 2620 causis
1076 2565 1252 2641 permotus.
1287 2555 1432 2620 Primum
1454 2556 1513 2621 vix
1532 2553 1600 2620 ulla
1622 2554 1782 2622 dubitatio
1805 2563 1863 2634 est,
1887 2559 1966 2642 quin
1981 2557 2155 2626 verborum

357 2667 391 2730 in
412 2687 484 2746 -αμι
505 2670 539 2727 et
558 2683 633 2742 -ups
658 2657 732 2724 illue
754 2659 877 2724 formae
900 2659 934 2722 iu
954 2681 1029 2742 -αις,
1050 2679 1099 2724 -αι
1121 2666 1155 2724 et
1174 2681 1247 2742 -οις,
1268 2681 1315 2723 -οι
1337 2659 1486 2743 exierint,
1514 2667 1551 2723 ut
1572 2657 1682 2724 verbis
1712 2659 1744 2722 in
1766 2681 1836 2742 -ημι
1856 2659 2007 2746 analogia
2028 2684 2096 2748 -εις,
2117 2689 2160 2730 -ει

358 2761 524 2855 postulare
546 2761 707 2830 videatur.
743 2759 874 2826 Deinde
896 2763 1012 2826 tertiae
1033 2781 1193 2846 personae
1214 2762 1249 2825 in
1270 2784 1298 2826 ει
1319 2760 1479 2848 exemplis
1502 2762 1580 2827 satis
1595 2761 1742 2826 firmatae
1765 2768 1850 2844 sunt,
1871 2783 1978 2848 neque
1993 2761 2159 2852 Bergkius

359 2871 401 2937 de
423 2869 473 2933 his
496 2865 644 2932 dubitare
667 2885 765 2930 ausus
789 2871 853 2946 εει,
876 2883 920 2928 ex
941 2860 991 2927 his
1014 2885 1094 2929 vcro
1117 2863 1158 2930 de
1181 2863 1327 2930 secunda
1340 2885 1492 2950 persona,
1514 2865 1607 2952 cujus
1624 2863 1776 2950 exempla
1795 2864 1961 2950 pauciora,
1983 2885 2022 2930 co
2038 2869 2158 2934 certitu

360 2971 470 3057 colligi
491 2991 588 3056 posse
611 2967 750 3052 videtur,
778 2965 866 3052 quod
887 2967 1092 3052 grammatici
1113 2965 1232 3032 docent
1253 2966 1340 3054 apud
1361 2965 1482 3032 Aeoles
1510 2966 1685 3034 verborum
1713 2967 1747 3030 in
1769 2989 1804 3048 μι
1824 2967 1937 3032 tertias
1959 2990 2117 3054 personas
2141 2997 2158 3038 e

359 3073 512 3140 secundis
535 3073 607 3136 fieri
628 3070 769 3158 ἀτοβολῆ
791 3073 847 3134 τοῦ
871 3085 889 3132 e
912 3066 1026 3157 (Diall.
1042 3068 1066 3146 1,
1085 3070 1143 3134 138
1158 3079 1224 3135 not.
1239 3073 1268 3156 9,
1292 3069 1376 3135 adde
1400 3069 1561 3139 Ohocrob.
1583 3068 1855 3154 adunasset,
1873 3071 1913 3137 16
1936 3111 1973 3123 -
1997 3073 2068 3157 855,
2083 3075 2103 3140 8
2120 3113 2158 3125 -

359 3179 430 3262 856,
453 3179 519 3264 21).
563 3171 685 3239 Contra
706 3171 788 3237 haec
810 3169 976 3256 Bergkius
998 3169 1040 3235 ad
1060 3170 1133 3236 Ale.
1155 3173 1176 3237 5
1198 3171 1249 3241 ed.
1273 3171 1321 3236 Ill
1343 3173 1506 3261 (consulto
1528 3171 1581 3238 hic
1603 3171 1745 3258 negligo,
1775 3193 1860 3258 quae
1883 3171 1925 3238 de
1946 3173 2058 3240 verbis
2079 3177 2112 3240 in
2134 3201 2159 3243 ω

360 3282 457 3369 dixit)
479 3287 611 3366 praeter
632 3273 797 3361 Apollonii
822 3270 903 3336 illud
929 3273 1149 3339 testimonium
1175 3275 1380 3360 paucissimis
1408 3275 1564 3339 librorum
1584 3274 1714 3340 indiciis
1735 3275 1826 3339 nisus
1850 3284 1914 3362 εει,
1943 3280 2159 3363 nequeenim

359 3383 454 3471 plura
476 3379 640 3447 secundae
662 3375 788 3444 illorum
811 3377 987 3441 verborum
1009 3397 1170 3463 personae
1193 3377 1347 3463 exempla
1366 3377 1520 3464 leguntur
1541 3399 1638 3464 quarn
1660 3375 1782 3463 Sappb.
1798 3377 1836 3442 21
1862 3399 1906 3442 ex
1926 3379 2033 3466 Apoll.
2055 3381 2095 3446 de
2110 3405 2159 3472 pr.

359 3486 454 3554 83.G
477 3488 620 3572 φιλῇσθα
641 3481 703 3570 (sic
725 3481 841 3544 unicus
864 3477 980 3558 codex,
1003 3487 1159 3566 quantum
1181 3499 1199 3544 e
1222 3477 1370 3545 Bekkeri
1393 3479 1536 3546 editione
1558 3480 1776 3566 cognoscitur,
1800 3479 1860 3546 sed
1881 3487 1966 3547 teste
1988 3481 2101 3548 Bastia
2117 3485 2160 3550 ad

361 3590 464 3676 Greg.
488 3587 525 3657 O.
547 3610 580 3674 p.
601 3587 664 3650 582
686 3583 851 3671 φίλησθα),
874 3580 1014 3650 Theoor.
1030 3581 1149 3648 XXIII
1171 3581 1328 3671 (XXIX),
1352 3583 1392 3646 15
1414 3583 1522 3664 μότης,
1545 3601 1629 3668 quae
1651 3604 1719 3648 vox
1740 3586 1953 3674 corruptas),
1975 3585 2017 3650 36
2038 3585 2161 3671 ἐνόχλης

360 3694 392 3756 in
415 3689 487 3760 cod.
510 3713 539 3758 c.
561 3709 621 3776 pro
643 3683 732 3772 vulg.
759 3687 905 3767 ἐνοχλεῖς,
934 3705 998 3771 quo
1028 3683 1159 3749 accedit
1185 3705 1272 3749 nunc
1299 3685 1527 3750 restitutuma
1547 3681 1599 3749 'me
1628 3685 1662 3749 in
1692 3684 1754 3750 boc
1776 3686 1849 3772 ipso
1876 3709 1978 3752 versu
2004 3689 2155 3775 ἐιαίθησθ

361 3793 449 3884 (cod.
471 3790 585 3880 ·ησθ’).
629 3789 844 3854 Nihilominus
866 3809 952 3852 nunc
974 3785 1031 3850 illa
1051 3787 1236 3852 testimonia
1257 3785 1458 3873 vilip'endere
1480 3809 1546 3852 non
1567 3787 1683 3856 audeo.
1726 3787 1792 3854 Res
1815 3789 1899 3853 enim
1923 3791 1972 3854 sie
1986 3813 2022 3857 se
2037 3791 2159 3859 babere

359 3896 500 3965 videtur.
544 3891 715 3960 Secundae
739 3898 772 3958 et
793 3889 908 3955 tertiae
930 3911 1091 3975 personae
1114 3889 1207 3954 verbi
1222 3893 1332 3978 φίλημι
1351 3891 1550 3976 antiquiores
1565 3889 1688 3955 formae
1705 3889 1784 3978 (non
1799 3892 2058 3983 antiquissimae)
2073 3895 2160 3962 haud

360 3997 458 4064 dubie
482 4005 575 4062 erant
595 3998 695 4082 φίλης,
717 3996 789 4082 φίλη
796 4017 816 4076 ;¹
832 3992 891 4057 sed
921 3989 1141 4078 diphthongus
1162 4017 1183 4076 η
1204 3991 1301 4058 facile
1324 3991 1483 4058 transibat
1503 3993 1536 4057 in
1557 4015 1593 4077 ει,
1622 3999 1658 4058 ut
1678 3994 1869 4078 saepissime
1898 3994 2019 4061 factum
2043 3998 2159 4086 (veluti

359 4104 450 4184 κλείς,
471 4103 561 4166 κλείω
583 4121 601 4164 e
623 4097 706 4179 τλάς,
728 4093 826 4184 nitio)
848 4103 905 4162 aut
925 4095 993 4159 iota
1012 4092 1164 4181 neglecto
1187 4095 1220 4159 in
1234 4119 1263 4177 η.
1301 4095 1525 4182 comparetur,
1548 4094 1636 4182 quod
1657 4095 1772 4161 Dorici
1793 4095 1878 4162 tituli
1899 4098 2042 4166 melioris
2062 4109 2159 4166 notae

359 4206 488 4270 tertiam
509 4223 683 4288 personam
705 4198 905 4286 conjunctivi
931 4198 1115 4284 promiscue
1143 4199 1228 4281 inq,
1251 4221 1287 4282 ει,
1307 4221 1327 4282 η
1350 4198 1533 4282 terminant,
1561 4195 1628 4266 vid.
1650 4195 1750 4268 Diali.
1771 4199 1804 4263 II
1826 4201 1857 4286 ξ.
1879 4201 1931 4284 36,
1953 4202 1984 4267 3.
2035 4203 2158 4269 ΑεοΙεε

359 4309 427 4372 iota
448 4327 522 4371 cum
549 4303 656 4390 longis
678 4301 847 4368 vocalibus
865 4300 1015 4388 junctum
1037 4309 1163 4366 mature
1186 4297 1350 4388 abjecisse
1373 4307 1510 4383 constat,
1537 4300 1604 4366 vid.
1625 4299 1725 4367 Diali.
1750 4301 1855 4387 1,49;
1878 4301 1962 4369 adde
1986 4303 2074 4391 quod
2093 4305 2161 4372 iota

470 4506 514 4573 17)
533 4507 623 4558 Locus
647 4511 690 4556 est
713 4500 777 4574 „sir
801 4498 831 4553 δὲ
855 4498 924 4554 τάδε
943 4497 989 4572 μὲν
1008 4493 1109 4571 άμενος
1129 4491 1208 4552 ἄλλον
1226 4498 1295 4571 ἔχεις
1311 4495 1420 4571 κλάδον,
1435 4502 1441 4565 Ι
1462 4491 1543 4554 ἄλλον
1561 4493 1584 4554 δ’
1605 4493 1707 4574 αὔριον,
1732 4498 1760 4565 ἐξ
1783 4499 1863 4576 ἑτέρω
1886 4497 1914 4558 δ’
1936 4499 2025 4578 ἕτερον
2049 4501 2160 4580 μάτηςιί.

358 4601 437 4652 Hanc
456 4615 550 4652 vocem
569 4597 715 4652 secundum
734 4594 853 4660 Hesych.
874 4596 985 4663 putei:
1005 4594 1078 4664 ζητεῖ
1095 4595 1302 4662 interpretantur
1320 4595 1417 4664 ζητεῖς,
1433 4609 1513 4662 quum
1534 4597 1624 4664 ματεῖν
1637 4595 1735 4647 Aeoles
1755 4597 1843 4664 potius
1861 4611 1909 4664 pro
1924 4599 2017 4648 πατεῖν
2035 4597 2160 4665 dixerint,

357 4693 413 4746 vid.
432 4692 514 4744 Diali.
534 4691 556 4754 Ι,
575 4691 610 4740 45
630 4693 685 4742 not.
707 4689 738 4736 11
760 4693 787 4738 et
805 4685 905 4753 Sapph.
925 4685 968 4737 54.
1005 4685 1063 4738 Nec
1082 4679 1175 4756 μάνης,
1193 4693 1223 4738 nt
1240 4691 1348 4737 anctore
1366 4685 1520 4739 Hermanno
1538 4689 1674 4756 scriptum,
1694 4687 1755 4739 libri
1773 4687 1838 4740 satis
1857 4692 1975 4752 mentun
1995 4703 2057 4742 nam
2077 4687 2162 4761 ματῆς

358 4783 522 4848 innatiall,
542 4778 632 4852 μίνθης
648 4798 681 4844 τι,
700 4773 768 4848 μάνη
789 4777 825 4842 ln,
845 4769 930 4846 μάταν
948 4777 983 4828 D.
1003 4793 1080 4842 corn,
1107 4773 1178 4848 μόνα
1196 4777 1228 4830 Β.
1247 4777 1282 4828 D.
1303 4793 1353 4848 pr,
1373 4778 1418 4844 qui
1436 4776 1499 4828 libri
1517 4780 1545 4830 in
1563 4778 1615 4830 hoe
1635 4781 1752 4832 sumine
1770 4781 1858 4832 bones
1876 4783 1957 4830 notae
1977 4787 2045 4836 sunt.
2075 4785 2159 4850 Borg-

359 4877 419 4929 kius
437 4878 495 4944 ipsc
515 4874 549 4925 de
569 4868 653 4942 μάνης
671 4869 797 4922 dubitans
815 4869 952 4936 proposuit
970 4863 1034 4938 μάῃ,
1053 4881 1133 4938 quum
1153 4885 1204 4938 ego
1223 4869 1287 4924 olim
1307 4887 1321 4921 e
1339 4870 1456 4922 lectione
1477 4864 1547 4939 μότα
1565 4869 1648 4923 multo
1666 4871 1841 4940 probabilius,
1860 4872 1912 4924 nisi
1924 4871 2010 4938 selim,
2028 4869 2098 4944 μάλα
2112 4875 2159 4926 eli·

360 4970 483 5032 cuisscm,
509 4968 544 5018 ci.
563 4961 666 5016 Herod.
684 4963 709 5026 1,
730 4961 780 5011 181
806 4959 850 5012 καί
873 4957 916 5012 ἐπὶ
939 4955 1022 5032 τούτῳ
1047 4958 1083 5032 τῷ
1107 4956 1198 5034 τόρνῳ
1224 4954 1304 5026 ἄλλος
1322 4955 1423 5032 τοόργος
1447 4957 1594 5032 ἐπιβέβηκε,
1616 4961 1661 5015 nui
1685 4959 1776 5036 ἕτερος
1800 4957 1870 5033 μάλα
1889 4960 1931 5017 un
1954 4959 2048 5036 τοότφ.
2086 4965 2161 5020 Sciet

361 5061 431 5111 enim
454 5054 525 5128 μάλα
547 5058 576 5108 in
590 5052 791 5124 repetitionibus
809 5051 882 5115 addi,
910 5057 941 5102 ut
957 5052 1056 5107 Aesch.
1077 5055 1126 5105 ch.
1147 5055 1200 5106 857
1219 5052 1261 5124 ία,
1280 5051 1312 5106 ἔα
1331 5046 1411 5123 μάλα,
1434 5053 1487 5104 852
1507 5049 1589 5124 οίμοι,
1605 5051 1732 5124 πανοίμοι
1748 5049 1882 5110 δεσπότου
1898 5051 2065 5127 τελουμένου,
2085 5053 2161 5125 οἶμαι

360 5144 416 5221 μόλ’
439 5133 520 5213 αὖθις
539 5146 567 5200 ἐν
583 5146 680 5220 τρίταις
702 5141 930 5216 προσφθόνμασιν,
953 5145 1009 5199 vid.
1034 5146 1163 5200 Theseus.
1184 5147 1270 5198 Paris.
1289 5146 1315 5200 V
1332 5161 1359 5213 p.
1380 5145 1442 5197 532.
1461 5147 1495 5198 B.
1521 5171 1554 5185 -
1583 5147 1616 5198 Io
1634 5163 1674 5200 vs.
1693 5147 1728 5200 35
1747 5165 1796 5217 pro
1815 5143 1973 5221 ἐπιτρόποις,
1988 5147 2060 5218 qnod
2079 5147 2161 5212 edidi,

360 5243 558 5310 conjunctivum
576 5239 723 5292 desiderari
740 5245 815 5291 recte
833 5239 967 5308 Bergkius
986 5237 1132 5292 admonuit.
