4984 5908
1224 506 1263 572 21

1146 608 1342 620 -α-ι-

343 723 431 800 Add.
452 719 550 796 facile
571 719 734 793 removeri
755 731 894 812 possunt
915 720 1044 788 divisim
1067 721 1241 788 scribendo
1263 722 1278 788 i
1301 709 1406 806 uisos,
1428 721 1443 786 ἓ
1465 717 1573 801 uitur,
1599 725 1726 788 restant
1747 727 1854 790 tamen
1877 721 1977 788 ἓαὺτω
1998 722 2032 786 in
2053 711 2150 808 Mity-

339 833 459 900 lenaeo
479 829 582 896 Ooua.
603 827 693 912 Vlll⁷
719 830 734 893 1
759 835 793 894 et
814 825 939 902 ἓαύτοις
960 827 994 888 ἰιι
1014 824 1241 912 Lampsaceno
1262 847 1311 894 nr.
1332 824 1417 890 3640
1437 823 1458 892 l.
1480 826 1531 894 35.
1575 825 1621 888 At
1641 824 1695 890 ille
1717 825 1882 890 recentior
1905 833 1964 908 est,
1987 823 2030 889 ad
2053 825 2149 888 Pom-

314 939 317 946 ‘
338 937 452 1022 pojum
472 933 657 1021 pertineam
685 929 930 1017 Lampsacenus
957 949 1047 1012 vero,
1078 927 1134 1014 qni
1155 926 1311 994 Aeolicus
1341 926 1479 1014 alicujus
1506 926 1597 992 urbis
1621 927 1790 993 decretum
1811 926 1986 1013 Lampsaci
2007 927 2148 1013 positum

342 1039 495 1118 continet,
512 1036 682 1121 antiquior
703 1031 836 1120 quidem
858 1031 1034 1118 aliquanto,
1064 1029 1125 1096 sed
1146 1029 1307 1116 lapicidae
1330 1028 1478 1094 Aeolidis
1500 1031 1607 1116 ignari
1629 1029 1726 1115 eulpa
1747 1029 1919 1114 aliquoties
1942 1029 1977 1092 in
1999 1029 2148 1115 vulgaria

343 1147 525 1228 corruptus,
549 1138 591 1207 cf.
613 1135 711 1204 Diall.
733 1134 760 1220 I,
784 1135 813 1203 7.
855 1133 909 1200 De
932 1133 1076 1220 genuina
1096 1133 1197 1218 igitur
1217 1130 1356 1198 Aeolide
1378 1131 1458 1196 nihil
1479 1132 1567 1196 illinc
1591 1132 1703 1217 colligi
1721 1141 1841 1218 potest.

466 1241 559 1307 Haec
580 1239 685 1304 fusius
708 1236 906 1324 disputanda
927 1243 1029 1318 erant,
1059 1243 1095 1298 ut
1116 1243 1299 1320 appareret,
1322 1234 1496 1322 paratheta
1516 1236 1653 1300 Aeolica
1674 1234 1716 1318 ἔμ’
1745 1231 1828 1322 αὔτῳ
1859 1243 1893 1300 et
1913 1233 1957 1315 ἔμ’
1983 1231 2082 1322 αὕτᾳ,
2104 1233 2146 1299 de

346 1345 464 1436 quibus
499 1341 692 1429 Apollonius
721 1347 875 1423 testeum,
910 1335 1054 1423 undique
1084 1335 1282 1422 confirmari,
1316 1337 1471 1424 syntheta
1497 1361 1576 1406 vero
1603 1339 1715 1404 laesor
1742 1346 1776 1404 ct
1802 1336 1923 1424 σαύτῳ,
1950 1357 2035 1422 quae
2061 1336 2149 1404 idem

339 1448 501 1530 toleravit,
522 1443 649 1532 reliquo
671 1441 874 1510 Graecorum
896 1440 1114 1528 antiquiorum
1136 1461 1198 1504 usu
1219 1448 1417 1528 comparato,
1439 1463 1597 1528 perquam
1620 1450 1774 1527 suspecta
1796 1461 1881 1506 esse.
1921 1439 2037 1525 Neque
2059 1439 2145 1504 enim

338 1553 435 1618 aliter
456 1545 589 1614 defendi
610 1554 756 1634 possunt,
788 1566 884 1631 quam
915 1545 943 1608 si
963 1563 1133 1630 ponamus,
1165 1541 1328 1629 synthetis
1351 1544 1450 1608 etiam
1472 1545 1680 1609 accusativos
1701 1544 1848 1630 potuisse
1871 1539 2020 1626 subesse,
2050 1545 2145 1627 cujus

341 1655 475 1741 originis
496 1652 531 1715 in
551 1649 686 1736 reliquis
709 1647 858 1714 dialectis
880 1645 969 1712 nulla
991 1653 1082 1712 certa
1109 1645 1261 1732 vestigia,
1289 1654 1327 1710 ut
1347 1646 1391 1712 ad
1413 1651 1530 1714 σαῑιτον
1552 1667 1595 1711 ex
1617 1667 1652 1712 oe
1674 1633 1770 1712 uiros
1799 1645 1963 1732 genitivus
1986 1645 2092 1711 σαύτω
2113 1653 2147 1708 et

342 1758 471 1828 dativus
494 1754 598 1840 σαύτῳ
620 1773 656 1816 se
678 1750 926 1837 applicaverint,
948 1771 1055 1836 neque
1078 1747 1173 1813 aliter
1194 1748 1228 1812 in
1250 1745 1373 1830 ἐμαῦτω
1395 1757 1429 1814 et
1451 1750 1562 1830 furiam,
1588 1757 1762 1836 praeterea
1782 1745 1860 1814 illud
1882 1747 1993 1814 iustos
2013 1745 2056 1812 ad
2078 1744 2145 1834 plc-

339 1863 465 1926 niorem
486 1857 623 1922 formam
645 1853 676 1920 ii
697 1853 776 1942 (iffi)
798 1859 1002 1934 revocantes,
1031 1849 1072 1916 de
1095 1871 1161 1938 qua
1189 1873 1234 1916 ex
1258 1849 1453 1918 Lesbiorum
1475 1851 1615 1918 dialecto
1644 1871 1710 1916 non
1732 1841 1887 1918 constat(
1910 1849 1992 1916 Mihi
2013 1848 2145 1937 quidem

338 1958 542 2052 probabilius
563 1955 703 2042 videtur,
729 1953 891 2022 reflexiva
911 1951 1065 2041 syntheta
1085 1961 1123 2018 ut
1143 1953 1184 2018 ab
1207 1975 1270 2018 usu
1290 1951 1468 2020 Homerico
1491 1961 1525 2018 et
1544 1976 1566 2019 a
1585 1951 1713 2019 Doride
1733 1955 1781 2018 ita
1802 1976 1822 2019 a
1843 1955 1986 2040 genuina
2005 1951 2145 2018 Aeolide

340 2067 448 2132 aliena
468 2061 582 2146 fuisse,
611 2080 676 2148 quo
698 2077 858 2125 concesso
880 2055 1048 2124 elisionem
1076 2054 1269 2144 diphthongi
1297 2081 1330 2123 οι
1356 2079 1423 2122 ιιοιι
1453 2056 1556 2122 solum
1586 2057 1619 2122 in
1646 2055 1689 2138 ἔμ’
1716 2053 1801 2143 uiuo
1831 2064 1864 2120 et
1890 2055 1934 2137 ἔμ’
1960 2051 2056 2144 sitq,
2085 2051 2145 2120 sed

341 2171 439 2236 etiam
459 2168 494 2231 in
513 2162 542 2232 d
560 2160 645 2250 αὔτῳ
667 2160 788 2227 factam
807 2181 883 2228 esse
905 2159 1020 2247 negari
1040 2179 1105 2224 non
1126 2167 1244 2247 potest.
1284 2159 1328 2224 Et
1350 2159 1498 2247 ejusdem
1519 2157 1713 2246 diphthongi
1735 2158 1838 2244 elisio,
1862 2179 1946 2244 quae
1968 2181 1988 2224 a
2008 2155 2143 2244 reliquis

341 2269 489 2338 dialectis
511 2265 618 2332 aliena
639 2269 691 2330 est
713 2263 859 2353 ‘(vooulis
887 2261 1047 2352 encliticis
1076 2262 1195 2347 partim
1217 2263 1384 2350 exceptis)
1412 2270 1579 2349 comparet
1600 2263 1696 2327 etiam
1718 2262 1753 2326 in
1774 2259 1878 2349 Ψάπφ’
1908 2260 2030 2346 Sapph.
2053 2262 2082 2344 l,
2103 2259 2144 2323 20

337 2395 397 2462 pro
420 2373 560 2459 Ψάπφοι,
589 2366 678 2456 quod
705 2366 804 2454 vulgo
833 2366 940 2431 minus
967 2363 1181 2450 probqbiliter
1208 2366 1250 2431 ad
1278 2363 1466 2432 breviorem
1492 2365 1630 2432 nominis
1660 2363 1797 2430 formam
1818 2363 1938 2452 Ψάπφα
1958 2369 2142 2431 revocatur.

339 2474 454 2542 Videri
475 2474 573 2539 etiam
594 2469 683 2558 apud
703 2469 883 2536 Homerum
913 2477 947 2534 et
967 2465 1146 2532 Pindarum
1168 2467 1347 2534 insolentes
1369 2465 1496 2555 aliquas
1525 2465 1798 2554 diphthongorum
1820 2491 1851 2533 οι
1873 2475 1906 2532 et
1927 2490 1961 2531 αι
1990 2465 2142 2532 elisiones

338 2579 382 2644 ad
402 2575 605 2643 Aeolismum
631 2571 747 2639 borum
773 2580 944 2659 poetarum
972 2569 1147 2656 pertinere,
1174 2568 1329 2638 admonui
1355 2571 1389 2634 in
1418 2569 1496 2640 diss.
1526 2569 1568 2636 de
1592 2569 1687 2636 Orasi
1709 2578 1743 2634 et
1763 2567 1850 2656 Aph.
1870 2591 1903 2656 p.
1927 2569 1967 2642 18
1990 2578 2023 2634 et
2044 2589 2144 2656 supra

338 2681 455 2747 eodem
483 2677 580 2745 retuli
600 2673 805 2742 Hesiodeum
830 2673 936 2758 ἑαυτῇ,
967 2673 1089 2738 rectius
1112 2673 1136 2738 θ’
1159 2671 1250 2758 αὐτῇ.
1295 2672 1391 2762 ipsos
1414 2695 1494 2740 vero
1514 2670 1638 2738 Aeolss
1668 2673 1702 2736 in
1723 2671 1855 2738 licentia
1876 2671 2021 2737 elidendi
2044 2672 2142 2736 etiam

337 2783 474 2850 ulterius
499 2800 694 2868 progressos
722 2800 813 2862 esse,
847 2775 968 2842 docent
994 2774 1147 2862 exempla
1172 2797 1232 2862 pro
1260 2783 1351 2842 tauta
1382 2775 1592 2842 Aeolicamm
1622 2774 1832 2861 reliquiarum
1865 2775 2029 2862 paucitate
2062 2773 2142 2839 sads

337 2885 449 2952 multa
491 2881 580 2950 Elidi
602 2882 690 2948 euim
710 2887 840 2968 oportet
862 2875 1100 2966 diphthongum
1120 2901 1149 2944 es
1168 2879 1203 2942 in
1223 2879 1334 2946 ardiso
1357 2881 1455 2954 αἴδως
1476 2876 1548 2945 Alc.
1569 2878 1621 2962 bb,
1649 2875 1768 2943 deinde
1794 2877 1925 2963 longam
1946 2876 2095 2944 vocalem
2117 2901 2143 2942 ω

336 2992 370 3054 in
394 2987 505 3078 ὠράνω
526 2983 579 3051 dra?
605 2987 737 3069 albaque
759 2980 881 3068 Sapph.
905 2983 932 3065 l,
957 2983 1006 3064 ll,
1033 2989 1101 3045 tum
1129 3003 1179 3047 aut
1207 2983 1350 3068 syuiaesi
1377 2983 1410 3046 in
1437 3003 1535 3046 unam
1557 2975 1718 3068 syllabam
1741 2981 1950 3067 conjunctum
1970 2980 2004 3044 iu
2025 2981 2142 3046 κείσεαι

337 3092 412 3160 otte
434 3086 556 3176 Sapph.
578 3088 629 3173 68,
654 3095 691 3151 ut
718 3083 784 3151 aha
808 3083 984 3150 incertiora
1010 3083 1165 3153 omittam.
1214 3084 1299 3150 Nam
1325 3085 1437 3168 orasis,
1466 3103 1563 3170 quam
1584 3082 1750 3170 Bergkius
1779 3081 1842 3147 illis
1866 3081 1946 3148 locis
1968 3083 2039 3148 lieri
2061 3082 2141 3166 vult,

336 3199 450 3260 contra
476 3191 580 3280 ipsius
607 3198 754 3256 naturam
782 3196 908 3275 peccat,
942 3208 1040 3273 quam
1068 3185 1195 3252 idoneis
1225 3187 1425 3274 argumentis
1454 3184 1535 3250 mihi
1560 3183 1677 3252 videor
1705 3185 1781 3250 olim
1808 3185 1887 3250 satis
1916 3183 2140 3250 illustravisse.

337 3299 454 3384 Neque
475 3301 566 3363 tanta
587 3291 730 3357 elidondi
749 3290 884 3356 licentia
904 3290 938 3353 in
960 3289 1096 3355 Aeolica
1117 3286 1257 3356 dialecto
1278 3291 1361 3355 mira
1381 3288 1489 3356 videri
1509 3295 1629 3376 potest.
1673 3285 1736 3354 cui
1758 3308 1857 3373 quum
1878 3285 2085 3373 barytonesis
2108 3295 2142 3352 et

340 3399 416 3466 iude
445 3393 612 3462 inclinatio
641 3391 803 3481 quaedam
840 3392 883 3457 ad
911 3391 1041 3456 ultimas
1068 3391 1301 3458 vocabulorum
1330 3390 1475 3480 syllabas
1507 3389 1731 3477 corripiendas
1760 3388 1911 3480 (Diall.I
1938 3389 1958 3474 §
1981 3389 2038 3473 20,
2061 3392 2081 3452 2
2108 3385 2158 3453 et'

338 3507 370 3588 ξ.
385 3503 435 3586 21,
451 3501 480 3567 2.
495 3499 530 3578 8)
551 3519 627 3564 cum
647 3495 766 3562 Latina
786 3494 899 3582 lingua
920 3515 1107 3560 communes
1130 3495 1204 3578 sint,
1226 3495 1322 3560 modo
1344 3515 1411 3559 non
1432 3495 1621 3558 necessario
1637 3491 1808 3580 colligitur,
1831 3491 1963 3556 vocales
1978 3489 2141 3559 vocabula

337 3605 526 3672 claudentes
548 3610 585 3667 ut
605 3598 693 3688 apud
714 3599 879 3663 Romanos
901 3598 948 3662 ita
968 3595 1056 3683 apud
1069 3596 1192 3662 Aeoles
1214 3597 1319 3661 minus
1342 3595 1497 3683 ponderis
1512 3595 1677 3680 habuisse,
1699 3605 1736 3660 ut
1757 3595 1855 3662 etiam
1870 3593 1987 3680 longae
2004 3591 2138 3658 vocales

337 3717 371 3772 et
392 3705 587 3794 diphthongi
607 3703 642 3766 in
660 3701 811 3790 syncrusi
825 3699 909 3764 infra
923 3719 1021 3763 unam
1036 3720 1159 3764 moram
1175 3697 1338 3764 debilitari
1351 3699 1526 3784 potuerint,
1549 3719 1647 3785 quam
1661 3695 1761 3783 vulgo
1777 3695 1945 3763 elisionem
1961 3695 2083 3762 dicunt.
2099 3731 2139 3744 -

333 3810 445 3891 Quum
467 3808 567 3894 igitur
587 3805 667 3870 satis
690 3801 848 3870 credibile
870 3824 943 3866 esse
965 3799 1124 3883 videatur,
1153 3799 1274 3866 ileoles
1302 3800 1448 3867 elideudi
1481 3799 1614 3866 easdem
1641 3801 1734 3887 leges
1764 3807 1921 3887 sequutos
1944 3819 2018 3863 esse
2040 3807 2138 3885 atque

335 3913 480 3996 Latinos,
507 3931 551 3974 ne
578 3905 635 3974 illa
663 3906 795 3994 quidem
822 3903 925 3987 elisio,
953 3925 1049 3990 quam
1077 3905 1112 3968 in
1140 3907 1171 3970 τί
1198 3905 1329 3983 ἔσχατον
1356 3903 1428 3969 lieri
1450 3905 1619 3990 jussimus,
1647 3901 1771 3990 aliquid
1799 3901 1989 3968 offensionis
2017 3899 2139 3964 habere

336 4023 455 4103 potest.
489 4009 605 4078 ‚Malui
634 4019 744 4076 autem
777 4006 1019 4096 perspicuitatis
1046 4027 1149 4071 causa
1180 4005 1329 4073 vocalem
1361 4005 1489 4073 elisioni
1521 4005 1696 4072 obnoxiam
1734 4005 1889 4091 scriptam
1923 4025 2071 4086 servare,
2105 4012 2141 4066 ut

336 4121 458 4184 laetum
481 4123 533 4182 est
554 4114 726 4201 aliquoties
749 4135 769 4176 a
789 4110 1011 4198 grammaticis
1034 4117 1068 4172 et
1089 4110 1122 4174 in
1143 4111 1285 4198 antiquis
1308 4108 1419 4196 titulis,
1442 4130 1573 4195 semper
1594 4107 1681 4196 apud
1703 4107 1847 4176 Latinos.

1157 4299 1224 4377 Vs.
1254 4303 1312 4376 13.

465 4438 617 4507 Ultimum
639 4457 755 4503 versus
776 4455 893 4502 vocem
913 4435 986 4520 τρία
1007 4432 1096 4519 quod
1111 4431 1286 4520 Bergkius‚
1308 4433 1542 4520 sagacissimus
1565 4433 1707 4516 criticus,
1729 4453 1794 4496 non
1816 4431 1850 4495 in
1864 4431 1973 4516 τρίχας
1993 4427 2139 4514 mutavit,

340 4564 423 4631 quas
446 4539 631 4610 emendatio
654 4538 837 4604 semianima
859 4545 891 4602 et
912 4558 933 4601 a
953 4533 1015 4604 Th.
1037 4535 1220 4601 Fritaschio
1244 4538 1380 4602 inventa
1400 4545 1452 4602 est
1472 4545 1506 4602 et
1527 4537 1631 4602 cuivis
1654 4557 1690 4602 se
1714 4533 1888 4599 obtrudere
1910 4532 2049 4616 videtur,
2078 4531 2139 4597 sed

339 4645 455 4709 mirum
476 4641 639 4734 quoddam
659 4643 751 4732 uqlug
770 4640 889 4728 posuit,
911 4637 1007 4703 valde
1030 4639 1175 4722 mirarer,
1198 4639 1260 4703 nisi
1282 4639 1426 4727 suspicio
1449 4639 1610 4726 quaedam
1632 4647 1729 4722 esset,
1752 4645 1818 4702 tres
1840 4635 1911 4700 illos
1931 4637 2037 4701 crines
2054 4635 2139 4700 oela-

339 4747 550 4836 bratissimos,
574 4744 693 4836 quibus
713 4766 799 4810 nuno
823 4739 1019 4807 Germaniae
1042 4739 1129 4806 salus
1152 4743 1345 4828 continetur,
1368 4742 1439 4829 ejus
1461 4741 1569 4805 auimo
1592 4739 1784 4805 obversatos
1807 4761 1891 4806 esse.
1933 4737 2057 4825 hlejore
2080 4735 2140 4801 dif-

339 4849 482 4914 ficultate
512 4859 703 4936 premuntur
730 4853 883 4932 corrupta
909 4842 966 4912 oiut
990 4843 1122 4926 ἐπ’ΐσθης
1143 4839 1174 4909 θ’
1199 4844 1237 4914 Ζ.
1260 4843 1313 4910 vol
1341 4841 1398 4910 οὐκ
1426 4843 1602 4926 tntoenot’
1630 4843 1678 4909 St.
1700 4841 1801 4908 Varia
1828 4841 2013 4907 criticorum
2035 4846 2138 4904 tenta·

339 4953 426 5018 mina
447 4957 503 5016 aut
523 4954 656 5037 gravius
678 4959 792 5020 contra
813 4948 945 5016 dialecti
964 4947 1056 5032 leges
1078 4954 1218 5031 peccant
1239 4953 1296 5012 aut
1316 4969 1337 5012 a
1357 4943 1483 5012 traditis
1506 4944 1622 5012 litteris
1643 4943 1773 5032 lougius
1795 4943 1962 5026 recedunt,
1986 4962 2083 5028 quam
2102 4949 2139 5006 ut

339 5040 522 5143 probabilia
547 5053 652 5120 videri
677 5055 813 5142 possint.
859 5050 993 5116 Minime
1020 5045 1137 5114 eodem
1162 5049 1242 5113 vitio
1262 5046 1400 5134 laborat,
1423 5048 1510 5136 quod
1531 5049 1603 5136 ipse
1625 5049 1731 5134 posui,
1764 5045 1822 5116 otia
1843 5045 2012 5130 iuribqob'.
2054 5041 2138 5110 Nam

340 5183 353 5224 ι
372 5180 433 5246 pro
452 5179 472 5221 o
495 5155 603 5222 codex
624 5155 762 5242 praebet
781 5157 815 5220 in
837 5155 1028 5237 πεδιμιιλικώ
1046 5151 1098 5236 20,
1121 5151 1226 5234 pesida
1244 5151 1296 5234 21,
1318 5155 1409 5239 qliae
1422 5153 1479 5236 313
1502 5152 1632 5217 sivero
1654 5149 1898 5216 Studemundus
1920 5150 2137 5215 accuratiusi

341 5260 493 5345 enotavit,
516 5257 598 5324 haec
620 5259 692 5345 ipsa
712 5257 821 5326 littera
843 5267 893 5325 est
913 5281 941 5342 u,
965 5254 1053 5344 quod
1075 5275 1171 5340 quuu
1195 5253 1226 5288 ³··
1253 5251 1364 5296 ⁶⁶³³*
1389 5253 1429 5318 ob
1451 5253 1658 5320 rdiflioulter
1672 5254 1876 5320 discernatur
1890 5249 1971 5340 (vid.
1986 5251 2139 5338 Discrep.
