4984 5908
1131 397 1199 512 ¹u

287 671 426 754 apparet
447 660 640 729 ssumntism
662 654 827 746 postulare
845 655 978 743 juvenis
1000 657 1138 745 alicujus
1165 679 1283 724 nomen
1313 657 1356 726 ob
1379 657 1515 724 formam
1538 658 1706 740 celebrati,
1734 661 1781 726 ite
1801 658 1903 726 latere
1925 659 1959 728 id
1981 663 2013 727 in
2035 661 2084 748 iis,

288 789 375 855 quae
395 765 543 851 proxime
566 770 754 849 sequuntur,
777 761 841 826 nisi
862 781 936 824 oum
957 757 1253 828 Arniensem
1275 783 1374 826 unum
1396 759 1575 828 alterumve
1591 783 1724 828 versum
1744 763 1951 832 intercidisse
1972 787 2085 852 ponas,

290 867 478 938 necessario
500 866 713 954 suspicamur.
758 861 901 928 Gravius
923 883 1003 928 vero
1025 883 1141 930 versus
1162 865 1193 932 4.
1208 864 1238 934 5.
1261 864 1292 928 iu
1317 861 1431 930 codice
1453 862 1662 950 perturbatos
1685 887 1769 951 esse,
1792 867 1968 954 praecipue
1984 867 2087 934 verba

290 979 347 1050 τᾶς
367 977 424 1054 γᾶς
444 973 543 1046 τοῦτο,
560 965 659 1058 γάρος,
680 987 745 1032 uon
767 965 953 1034 obscurum.
995 964 1172 1052 Bergkius,
1201 968 1256 1052 qui
1278 966 1361 1032 haec
1383 967 1506 1032 intecta
1526 965 1657 1052 reliquit
1678 991 1740 1034 neo
1762 991 1916 1036 versuum
1939 969 2085 1036 ordinem

290 1073 442 1149 ireditum
464 1071 660 1153 sollicitavit,
694 1072 727 1136 iu
755 1068 840 1134 bunc
863 1067 994 1132 modum
1016 1070 1247 1154 interpretetus
1271 1077 1335 1136 est:
1361 1079 1451 1134 terra
1473 1070 1551 1135 boec
1572 1072 1655 1136 ouili
1675 1072 1733 1136 boo
1753 1072 1877 1136 matum
1897 1073 2086 1160 gratificata

284 1188 349 1258 θείς
383 1183 512 1262 poterat
542 1175 589 1240 its
614 1180 713 1259 potte
743 1171 864 1254 dicere,
898 1171 927 1238 si
954 1170 1073 1257 hospes
1099 1172 1133 1234 in
1161 1169 1267 1238 eliens
1296 1173 1428 1238 civitate
1459 1181 1677 1238 commoratus
1706 1175 1739 1238 in
1767 1195 1911 1242 amorem
1934 1171 2086 1262 quemad·

283 1280 415 1348 modum
435 1279 478 1344 *in
507 1275 632 1342 febrem
659 1273 805 1343 incidir‘.
856 1274 932 1361 lpse
961 1283 1070 1338 tamen
1097 1273 1295 1360 significavit
1322 1297 1393 1342 enm
1420 1277 1616 1342 'sententiam
1645 1298 1710 1342 non
1742 1276 1840 1344 valde
1870 1277 2001 1364 placere
2023 1299 2085 1344 nec

283 1382 401 1468 magis,
432 1379 520 1467 qnod
543 1378 695 1456 contnuo
717 1385 792 1464 post
819 1374 908 1442 illam
929 1377 962 1440 in
985 1375 1203 1444 describenda
1223 1377 1317 1463 pueri
1345 1385 1517 1444 venustate
1540 1389 1707 1466 pergatur.
1749 1379 1866 1466 Neque
1888 1379 2085 1467 reliquorum

286 1479 471 1563 criticorum
498 1484 671 1568 quisquam
700 1501 773 1544 euru
802 1479 836 1547 iu
864 1477 927 1544 hoc
955 1477 1029 1544 loco
1058 1488 1216 1566 sequutus
1245 1491 1304 1550 est.
1354 1479 1446 1548 Unus
1475 1503 1555 1548 vero
1582 1481 1641 1548 Th.
1663 1481 1864 1548 Friteschius
1891 1493 1986 1548 acute
2014 1503 2087 1570 per-

286 1588 404 1676 spexit,
434 1585 558 1661 endiais
584 1604 700 1650 versus
727 1591 877 1668 quartum
906 1591 941 1648 et
967 1583 1115 1668 quintum
1151 1605 1309 1670 perverso
1337 1583 1449 1650 ordine
1479 1585 1615 1652 traditos
1646 1607 1735 1668 esse3
1770 1607 1844 1650 nam
1873 1583 1958 1650 sicut
1984 1579 2087 1674 quinti

285 1713 400 1760 versus
429 1689 533 1758 ultera
560 1708 646 1775 pars,
674 1687 767 1770 oqjua
795 1684 959 1750 sententie
983 1686 1128 1770 apertior
1154 1687 1240 1775 (ταῖς
1269 1687 1304 1752 δὲ
1330 1688 1492 1777 nequicie
1517 1686 1609 1771 γλυκὺ
1641 1689 1776 1770 μειδίαι)
1801 1687 1945 1774 pertinet
1966 1689 2008 1753 ad
2030 1689 2086 1755 de·

286 1793 494 1879 scriptionem
526 1788 707 1864 venustatis
736 1787 831 1873 pueri
858 1787 892 1850 in
914 1787 971 1856 Vs.
993 1789 1014 1852 3
1041 1789 1214 1876 inceptum,
1245 1789 1291 1854 ita
1318 1811 1434 1856 versus
1465 1799 1600 1878 quartus
1628 1799 1661 1856 et
1688 1799 1812 1874 sextus,
1841 1789 1948 1856 medio
1970 1792 2086 1880 ejecto,

286 1895 421 1982 egregie
454 1901 581 1962 coeunt.
634 1888 803 1956 infelicius
834 1897 943 1956 eutem
971 1887 1058 1956 idem
1089 1899 1239 1970 versetus
1267 1899 1319 1956 est
1343 1893 1375 1958 in
1398 1891 1508 1958 verbis
1535 1893 1615 1979 ipsis
1643 1891 1730 1958 hunc
1750 1893 1784 1963 in
1811 1892 1943 1960 modum
1970 1897 2088 1961 consti·

285 1995 433 2066 tuendis:
454 1992 518 2064 ἀλλ’
545 1993 667 2062 ὁπόσον
689 1995 791 2061 παῖδα
814 1991 903 2081 πέριξ
925 1993 987 2070 ἔχει
1004 1996 1010 2078 Ι
1028 1997 1087 2067 τᾶς
1107 1998 1172 2077 γᾶς,
1193 2000 1289 2060 τοῦτο
1310 1995 1411 2084 χάρις,
1433 2017 1517 2081 quae
1532 1997 1764 2081 interpretetur
1785 1994 1966 2084 „quidquid
1980 2007 2088 2064 terree

283 2121 422 2188 puerum
450 2097 647 2179 circumdat,
679 2095 782 2182 spiret
816 2095 989 2181 gratism“.
1043 2096 1124 2162 Post
1158 2117 1197 2163 ea
1231 2119 1327 2180 vero,
1364 2119 1447 2184 quae
1478 2119 1578 2184 supra
1604 2096 1856 2184 disputavimus,
1884 2100 1990 2184 primo
2016 2101 2086 2168 lere

285 2202 400 2271 obtutu
421 2208 567 2288 apparet,
589 2197 739 2268 versibus
760 2219 836 2262 cum
858 2194 919 2264 Th.
940 2197 1122 2264 Fritaschio
1146 2201 1352 2286 transpositis
1381 2197 1472 2288 χάρις
1492 2201 1525 2264 iu
1547 2198 1644 2290 Πάρις
1666 2222 1740 2266 esse
1762 2198 1962 2271 mutandum.
2005 2204 2087 2270 Gra·

284 2307 357 2370 vius
379 2303 529 2370 laborent
554 2299 659 2371 verba
688 2305 747 2376 τᾶς
772 2321 829 2382 γας
850 2303 956 2369 τοῦτο.
1000 2301 1092 2380 Quae
1115 2301 1365 2368 Homericorum
1392 2302 1411 2384 ἥ
1433 2325 1467 2369 τε
1489 2302 1569 2386 κόμη
1592 2303 1629 2370 τό
1651 2324 1685 2370 τε
1707 2297 1793 2379 εἶδος
1814 2303 1852 2372 Il.
1873 2307 1906 2388 Γ,
1926 2305 1978 2390 55,
2002 2311 2085 2394 quse

284 2416 363 2494 vsuut
384 2405 424 2472 ds
449 2405 576 2488 Paride,
599 2425 723 2484 ummor
744 2423 820 2468 cum
841 2401 975 2488 reliquis
996 2401 1029 2468 in
1051 2399 1136 2468 hane
1158 2403 1295 2471 formem
1316 2404 1520 2472 restituenda
1541 2405 1637 2472 duxi:
1659 2405 1782 2475 ὁπόσον
1802 2403 1925 2474 rdinum
1947 2411 2088 2497 recepiret

284 2511 380 2597 κοίτᾳ
399 2508 422 2574 τ’
449 2506 640 2596 Λῦτόπορις,
662 2514 698 2570 ut
719 2492 791 2576 dno
812 2503 1023 2572 Homericum
1046 2498 1141 2587 εἶδος,
1162 2507 1252 2588 χαίτη
1275 2529 1354 2574 vero
1376 2507 1476 2590 κόμην
1492 2507 1627 2592 referet;
1650 2509 1799 2576 conferes
1815 2509 1938 2581 Scholl.
1951 2510 2087 2600 liure

286 2607 371 2690 ether
399 2613 450 2690 set
476 2615 532 2677 rori
564 2610 745 2697 προσώπου,
793 2607 910 2694 Neque
938 2607 1033 2677 editor
1062 2607 1233 2696 uodonem
1261 2618 1295 2676 et
1315 2613 1406 2693 χαίτη
1433 2611 1475 2678 ab
1498 2609 1656 2676 Alcmene
1677 2611 1716 2680 fr.
1741 2612 1789 2680 16.
1811 2611 1853 2695 II,
1877 2614 1915 2680 17
1938 2636 2031 2704 seqq.
2053 2616 2087 2684 in

296 2714 380 2788 ends
403 2713 628 2801 Ageticboree
651 2710 832 2798 composita
852 2719 943 2776 sunt:
970 2710 992 2776 ἁ
1015 2710 1050 2776 δὲ
1071 2712 1165 2788 zotto
1183 2716 1188 2796 Ι
1206 2710 1266 2790 τὰς
1292 2713 1370 2794 ἐμᾶς
1391 2711 1775 2804 teterrimumque
1795 2713 1931 2784 ἐπανθεῖ
1947 2718 1954 2806 l
1970 2719 2087 2807 χρυσὸς

285 2816 328 2896 ὃς
348 2817 507 2900 ἀκήρατος
525 2819 530 2904 l
549 2817 586 2884 ed
605 2805 630 2887 ς’
656 2814 804 2903 ἀργύριον
825 2813 1041 2902 πρόσωπον).
1074 2811 1172 2884 Adde
1195 2836 1279 2900 quae
1302 2814 1343 2882 de
1364 2816 1475 2902 pueris
1498 2815 1587 2882 dicta
1607 2825 1684 2882 sunt
1704 2816 1970 2903 Tibu1.1,9,15
1991 2841 2086 2904 „urs-

283 2932 336 2988 tur
357 2922 469 3003 iacies,
502 2927 637 2995 urentur
663 2917 732 2984 sole
762 2915 891 3002 capilli“
920 2925 954 2982 et
981 2915 1060 2982 Hor.
1084 2915 1147 2984 Od.
1169 2917 1198 3000 2,
1221 2918 1251 3000 ὃ,
1274 2919 1316 2985 24
1343 2915 1509 3002 „crinibus
1539 2918 1760 3008 ambigpoque
1790 2918 1914 2996 vultutt,
1943 2979 1945 2986 .
1968 2922 2085 3013 Neque

283 3031 341 3101 τᾶς
361 3029 418 3106 γᾶς
439 3022 538 3086 nimie
560 3020 698 3087 audacie
719 3021 752 3082 in
774 3020 866 3105 χαίτᾳ
895 3019 1026 3104 (καίτοι)
1054 3026 1212 3083 mutatum
1235 3042 1309 3086 esse
1330 3019 1470 3104 videtur,
1493 3041 1593 3107 quum
1614 3043 1633 3086 τ
1655 3031 1689 3086 et
1708 3043 1726 3105 γ
1747 3023 1949 3110 saepissime,
1971 3049 1989 3105 χ
2011 3037 2046 3097 et
2067 3047 2085 3094 τ

285 3129 342 3216 (cf.
363 3125 454 3192 Bast.
477 3123 602 3191 Comm.
628 3119 801 3208 Palaeogr.
824 3121 899 3208 738)
929 3119 1068 3185 subinde
1089 3131 1274 3206 permutata
1295 3124 1368 3205 siut,
1396 3145 1457 3188 nec
1485 3145 1558 3188 raro
1580 3124 1648 3190 iota
1669 3123 1868 3211 adscriptum
1890 3127 1922 3190 in
1945 3151 1961 3206 ς
1983 3137 2085 3194 trans·

285 3231 370 3313 ierit,
398 3229 465 3296 vid.
493 3223 617 3292 Jacobs
639 3225 727 3294 Nott.
758 3224 812 3293 Cr.
840 3223 882 3288 ad
904 3221 1003 3291 Anth.
1025 3221 1095 3290 Pal.
1117 3223 1157 3306 V,
1183 3224 1256 3304 105,
1302 3224 1499 3290 Restitutum
1523 3248 1543 3289 a
1563 3225 1658 3290 nobis
1680 3226 1870 3317 Adsensere,
1893 3229 1912 3298 i.
1936 3253 1965 3298 e.
1988 3229 2085 3308 αὐτὸς

285 3331 393 3421 Πάρις,
419 3327 677 3416 componendum
708 3336 759 3392 est
787 3349 861 3392 cum
888 3322 1096 3408 Αὐτομέλιγνα
1125 3325 1274 3392 Nossidis
1304 3326 1403 3398 Auth.
1429 3326 1498 3396 Pal.
1520 3327 1582 3410 Vl,
1605 3329 1669 3393 353
1697 3339 1730 3397 et
1760 3328 1922 3410 Αὖτόθαϊς
1948 3331 2085 3400 Lucieni

285 3429 381 3502 libet.
407 3455 518 3520 praec.
546 3454 573 3496 c.
599 3433 633 3514 1,
662 3430 703 3496 ds
733 3452 796 3517 quo
823 3451 945 3516 genere
972 3429 1225 3514 compositorum
1254 3425 1442 3495 Lobeclsius
1471 3429 1540 3514 egit
1569 3429 1685 3498 Parnll.
1716 3455 1747 3517 p.
1768 3431 1830 3498 377
1854 3455 1946 3521 seqq.
1994 3433 2083 3504 Loco

283 3524 386 3622 igitur
405 3528 687 3624 perturbatissimo
709 3532 792 3598 hunc
816 3532 1009 3598 sententiam
1032 3527 1249 3594 reddidimus:
1277 3531 1422 3620 „(pueri)
1439 3529 1585 3616 pulchri,
1614 3555 1678 3598 non
1701 3532 1774 3599 dico
1796 3537 2007 3620 mediocriter,
2029 3539 2085 3605 aed

287 3647 446 3728 quantum
458 3624 554 3724 socie
577 3638 604 3700 et
626 3658 716 3702 como
738 3635 852 3699 eminet
874 3635 942 3719 ipse
962 3633 1091 3702 Parim.
1113 3673 1155 3680 —
1181 3629 1234 3698 De
1257 3626 1392 3698 Aeolico
1416 3633 1544 3722 παραύα
1566 3655 1625 3720 pro
1649 3638 1764 3726 stuperet
1785 3647 1916 3726 praeter
1937 3633 2035 3711 Diali.
2058 3641 2083 3727 l,

285 3740 336 3824 36,
370 3763 433 3827 quo
459 3733 625 3826 Bergkius
656 3736 832 3824 ablegavit,
866 3735 906 3801 cf.
937 3733 1164 3824 μολοπάραυος
1190 3731 1330 3802 Theocr.
1356 3733 1442 3800 XXI
1475 3733 1629 3827 (xxm),
1655 3741 1668 3802 l
1701 3747 1734 3804 et
1761 3741 2084 3832 μαλλοπάρουος,

279 3839 514 3931 ’λευκοπάρειος
535 3839 725 3930 Hesyclr.t).
770 3839 819 3906 De
842 3839 960 3921 μειδίαι
979 3861 1038 3924 pro
1062 3840 1166 3925 μειδιᾷ
1189 3837 1255 3906 rid.
1279 3835 1376 3906 Diell.
1399 3833 1423 3922 l,
1451 3839 1519 3908 138.
1774 3871 1777 3878 v

395 4136 423 4204 8)
443 4136 485 4188 Ite
502 4146 575 4188 nnnc
593 4131 726 4201 Berghins
744 4129 788 4183 sd.
808 4127 847 4183 lll
867 4145 893 4199 p.
914 4129 993 4194 1888,
1006 4129 1057 4182 niel
1076 4130 1148 4197 quud
1166 4129 1376 4184 intelicissimi
1394 4145 1470 4182 suess
1489 4134 1663 4185 mutationem
1680 4126 1712 4184 τὸ
1732 4127 1873 4206 foqqdqsoe
1890 4137 1984 4202 teneti,
2003 4151 2083 4206 quesn

280 4229 370 4281 estex
389 4231 490 4282 hehet
507 4221 760 4279 rerumrerum
802 4223 894 4278 Vetuit
913 4225 983 4279 enim
1002 4215 1033 4273 τὸ
1052 4216 1197 4292 πρόσωπον
1220 4225 1402 4276 aecmstienm
1428 4237 1486 4274 sere
1511 4225 1547 4274 ab
1566 4221 1680 4276 ἐπανθεῖ
1697 4224 1867 4290 pendentem.
1904 4229 1940 4282 st
1957 4227 2084 4284 imme

280 4323 392 4388 wepins
411 4319 532 4374 suone
552 4319 649 4370 dieitur
667 4317 701 4368 de
719 4318 753 4368 lis
772 4331 842 4382 quse
860 4317 887 4366 ln
905 4313 1047 4382 superlicio
1067 4315 1169 4377 dorent,
1187 4314 1270 4381 idque
1290 4317 1323 4368 de
1343 4314 1461 4374 crinibus
1474 4315 1557 4371 Arist.
1576 4315 1651 4368 Eecl.
1672 4315 1715 4366 13.
1733 4316 1815 4385 vesp.
1835 4318 1915 4385 tues,
1933 4320 1968 4374 de
1987 4321 2083 4382 reem

285 4410 365 4463 ias-lei
383 4411 495 4463 Luciam
515 4410 601 4477 imag.
613 4411 637 4461 7.
651 4401 796 4481 Ἀργύρεος
814 4423 886 4470 vero,
905 4409 929 4458 si
948 4422 1001 4473 que
1020 4405 1074 4456 elia
1092 4421 1153 4470 vox,
1172 4420 1189 4456 a
1208 4406 1336 4473 digammi
1355 4407 1506 4473 suspicione
1525 4407 1611 4458 libera
1630 4413 1680 4460 est.

287 4565 313 4572 --
378 4539 422 4612 Ι9)
447 4537 578 4608 Hesychii
594 4535 687 4603 glossa
715 4536 779 4606 qnia
804 4535 838 4590 sd
857 4535 993 4590 Theocriti
1016 4534 1105 4588 tsenm
1131 4533 1188 4600 teht
1214 4537 1315 4604 primus
1342 4551 1357 4586 e
1382 4535 1458 4588 libris
1484 4549 1562 4597 -αοος
1583 4535 1700 4604 restitui)
1729 4543 1803 4590 reete
1828 4555 1845 4592 e
1870 4555 1913 4594 me
1932 4543 2022 4600 relets
2048 4550 2083 4600 eit

285 4628 458 4690 (Schmidtius
483 4631 553 4682 hunc
578 4643 632 4682 non
656 4629 801 4698 apposuit),
825 4627 870 4680 vix
889 4625 1004 4681 debitori
1026 4644 1107 4696 posse
1130 4627 1245 4698 ridetur.
1278 4621 1338 4684 Nec
1357 4629 1413 4680 scio
1432 4641 1467 4676 an
1486 4627 1548 4678 hinc
1567 4623 1736 4694 geminent
1754 4627 1898 4687 Theocrito
1916 4635 2082 4692 reddendum

284 4724 331 4778 sit.
369 4719 437 4777 Nem
463 4719 714 4792 quodnflcbmidtiue
739 4717 810 4787 apud
829 4717 994 4784 Hesychium
1020 4717 1131 4774 alterum
1150 4716 1167 4769 t
1184 4719 1302 4786 spurium
1326 4734 1385 4770 esse
1404 4717 1574 4784 significavit,
1599 4719 1745 4770 litterarum
1767 4723 1850 4774 series
1869 4724 1912 4775 rel
1931 4728 1971 4778 sic
1990 4743 2081 4795 perum

285 4818 420 4884 recoquere,
440 4825 520 4880 quom
537 4819 665 4883 sequetur
682 4803 814 4874 Μαλλόεις
833 4809 876 4860 vel
895 4815 1002 4862 auctore
1021 4811 1170 4863 Schmidtio
1190 4805 1316 4872 Μολόεις.
1344 4810 1469 4861 Testetur
1487 4815 1575 4860 eutem
1592 4809 1744 4876 Hesychius
1763 4811 1797 4866 de
1817 4803 1916 4884 pelid'g
1932 4837 1964 4862 =
1981 4815 2082 4890 λευκός,

281 4923 365 4973 quum
394 4901 507 4972 simplex
530 4901 546 4960 t
569 4909 675 4958 tueatur
697 4904 726 4958 in
747 4900 847 4967 glossis
871 4893 1052 4972 pilosque:
1079 4893 1248 4972 leurdxrpmc
1276 4908 1303 4952 et
1325 4895 1513 4973 μάλοοροςε
1541 4897 1692 4970 menapos.
1739 4905 1832 4974 Neque
1864 4907 1942 4962 aliter
1967 4903 2080 4964 Theocr.

276 4973 335 5071 bip.
357 4997 418 5073 tp&
441 4995 544 5074 ¹,squiras
566 4977 648 5058 obser
666 4986 682 5048 ὁ
698 4991 787 5063 pilos
812 4993 847 5060 (v.
867 4986 1006 5064 1.μολός).
1049 4993 1143 5045 Facile
1168 4984 1312 5060 suspiceris
1335 4987 1420 5060 penos
1444 4991 1488 5044 vel
1518 4989 1601 5062 μαλὸς
1627 5009 1685 5046 esse
1711 4993 1838 5047 Doricam
1862 5002 1937 5052 vocis
1962 5002 2082 5068 formum,

284 5085 384 5160 psillos
401 5085 548 5150 Aeolicam,
567 5100 636 5152 quse
654 5085 724 5138 boue
743 5092 821 5140 coeat
846 5101 906 5140 cnm
924 5079 1044 5156 negein-
1081 5085 1170 5138 Alium
1194 5099 1259 5136 vere
1276 5082 1440 5136 Aeolismnm
1465 5084 1499 5136 eh
1518 5083 1618 5151 idylliie
1637 5101 1699 5138 vere
1717 5086 1849 5142 bucolicis
1867 5089 1984 5144 alienum
2003 5099 2081 5162 po'e'ts

283 5180 323 5230 illi
342 5171 521 5246 concessitis
539 5172 733 5248 {pirensem-ve.
755 5178 788 5231 17
808 5179 907 5246 optimo
926 5176 993 5226 libro
1012 5181 1089 5228 teste.

1725 5265 1768 5326 2*
