<?xml version="1.0" encoding="UTF-8"?>
<!DOCTYPE html PUBLIC "-//W3C//DTD XHTML 1.0 Transitional//EN"
    "http://www.w3.org/TR/xhtml1/DTD/xhtml1-transitional.dtd">
<html xmlns="http://www.w3.org/1999/xhtml" xml:lang="en" lang="en">
 <head>
  <title>
</title>
<meta http-equiv="Content-Type" content="text/html;charset=utf-8" />
  <meta name='ocr-system' content='tesseract 3.04.00' />
  <meta name='ocr-capabilities' content='ocr_page ocr_carea ocr_par ocr_line ocrx_word'/>
</head>
<body>
  <div class='ocr_page' id='page_1' title='image "./detheocriticarm00ahregoog_0024.png"; bbox 0 0 4984 5908; ppageno 0'>
   <div class='ocr_carea' id='block_1_1' title="bbox 1234 508 1274 574">
    <p class='ocr_par' dir='ltr' id='par_1_1' title="bbox 1234 508 1274 574">
     <span class='ocr_line' id='line_1_1' title="bbox 1234 508 1274 574; baseline 0.05 -2"><span class='ocrx_word' id='word_1_1' title='bbox 1234 508 1274 574; x_wconf 85' lang='lat'><strong>19</strong></span> 
     </span>
    </p>
   </div>
   <div class='ocr_carea' id='block_1_2' title="bbox 352 717 2160 4308">
    <p class='ocr_par' dir='ltr' id='par_1_2' title="bbox 352 717 2160 4308">
     <span class='ocr_line' id='line_1_2' title="bbox 357 717 2158 810; baseline -0.003 -16"><span class='ocrx_word' id='word_1_2' title='bbox 357 721 439 794; x_wconf 87' lang='lat' dir='ltr'><strong>certi</strong></span> <span class='ocrx_word' id='word_1_3' title='bbox 461 717 559 788; x_wconf 90' lang='lat' dir='ltr'><strong>statui</strong></span> <span class='ocrx_word' id='word_1_4' title='bbox 579 741 642 786; x_wconf 91' lang='lat' dir='ltr'><strong>nou</strong></span> <span class='ocrx_word' id='word_1_5' title='bbox 665 721 783 806; x_wconf 82' lang='lat' dir='ltr'><strong>possit3</strong></span> <span class='ocrx_word' id='word_1_6' title='bbox 810 721 921 808; x_wconf 90' lang='lat' dir='ltr'><strong>itaque</strong></span> <span class='ocrx_word' id='word_1_7' title='bbox 942 721 1015 806; x_wconf 86' lang='lat' dir='ltr'><strong>ipse</strong></span> <span class='ocrx_word' id='word_1_8' title='bbox 1037 719 1184 786; x_wconf 90' lang='lat' dir='ltr'><strong>dativum</strong></span> <span class='ocrx_word' id='word_1_9' title='bbox 1204 721 1308 807; x_wconf 83' lang='grc' dir='ltr'><strong>σαύτῳ</strong></span> <span class='ocrx_word' id='word_1_10' title='bbox 1330 729 1436 790; x_wconf 89' lang='lat' dir='ltr'><strong>teneo.</strong></span> <span class='ocrx_word' id='word_1_11' title='bbox 1480 721 1629 808; x_wconf 80' lang='lat' dir='ltr'><strong>Apparet</strong></span> <span class='ocrx_word' id='word_1_12' title='bbox 1650 729 1769 806; x_wconf 88' lang='lat' dir='ltr'><strong>autem,</strong></span> <span class='ocrx_word' id='word_1_13' title='bbox 1796 717 1882 788; x_wconf 87' lang='lat' dir='ltr'><strong>huno</strong></span> <span class='ocrx_word' id='word_1_14' title='bbox 1904 719 2070 810; x_wconf 86' lang='lat' dir='ltr'><strong>parathesi</strong></span> <span class='ocrx_word' id='word_1_15' title='bbox 2092 743 2158 788; x_wconf 88' lang='lat' dir='ltr'><strong>ser-</strong></span> 
     </span>
     <span class='ocr_line' id='line_1_3' title="bbox 357 817 2159 914; baseline -0.003 -18"><span class='ocrx_word' id='word_1_16' title='bbox 357 837 435 896; x_wconf 87' lang='lat' dir='ltr'><strong>vata</strong></span> <span class='ocrx_word' id='word_1_17' title='bbox 455 825 553 890; x_wconf 87' lang='lat' dir='ltr'><strong>etiam</strong></span> <span class='ocrx_word' id='word_1_18' title='bbox 575 821 601 888; x_wconf 78' lang='lat' dir='ltr'><strong>d</strong></span> <span class='ocrx_word' id='word_1_19' title='bbox 628 819 713 911; x_wconf 84' lang='grc' dir='ltr'><strong>αῦτῳ</strong></span> <span class='ocrx_word' id='word_1_20' title='bbox 734 821 836 888; x_wconf 78' lang='lat' dir='ltr'>scribi</span> <span class='ocrx_word' id='word_1_21' title='bbox 854 843 954 910; x_wconf 92' lang='lat' dir='ltr'><strong>posse</strong></span> <span class='ocrx_word' id='word_1_22' title='bbox 977 832 1014 886; x_wconf 92' lang='lat' dir='ltr'><strong>ut</strong></span> <span class='ocrx_word' id='word_1_23' title='bbox 1034 819 1077 904; x_wconf 72' lang='grc' dir='ltr'><strong>ἔμ’</strong></span> <span class='ocrx_word' id='word_1_24' title='bbox 1104 817 1205 910; x_wconf 72' lang='lat' dir='ltr'><strong>adop,</strong></span> <span class='ocrx_word' id='word_1_25' title='bbox 1232 823 1267 889; x_wconf 92' lang='lat' dir='ltr'><strong>id</strong></span> <span class='ocrx_word' id='word_1_26' title='bbox 1289 821 1377 912; x_wconf 91' lang='lat' dir='ltr'><strong>quod</strong></span> <span class='ocrx_word' id='word_1_27' title='bbox 1398 822 1591 910; x_wconf 89' lang='lat' dir='ltr'><strong>Apollonius</strong></span> <span class='ocrx_word' id='word_1_28' title='bbox 1619 845 1685 890; x_wconf 89' lang='lat' dir='ltr'><strong>non</strong></span> <span class='ocrx_word' id='word_1_29' title='bbox 1707 825 1891 912; x_wconf 78' lang='lat' dir='ltr'><strong>postulasse</strong></span> <span class='ocrx_word' id='word_1_30' title='bbox 1913 823 2052 908; x_wconf 85' lang='lat' dir='ltr'><strong>videtur,</strong></span> <span class='ocrx_word' id='word_1_31' title='bbox 2082 824 2159 914; x_wconf 90' lang='lat' dir='ltr'><strong>quia</strong></span> 
     </span>
     <span class='ocr_line' id='line_1_4' title="bbox 359 923 2158 1016; baseline -0.003 -18"><span class='ocrx_word' id='word_1_32' title='bbox 359 929 413 998; x_wconf 89' lang='lat' dir='ltr'><strong>hic</strong></span> <span class='ocrx_word' id='word_1_33' title='bbox 434 927 617 1016; x_wconf 80' lang='lat' dir='ltr'>parathesis</span> <span class='ocrx_word' id='word_1_34' title='bbox 639 948 660 991; x_wconf 92' lang='lat' dir='ltr'><strong>a</strong></span> <span class='ocrx_word' id='word_1_35' title='bbox 681 924 829 1014; x_wconf 76' lang='lat' dir='ltr'>synthesi</span> <span class='ocrx_word' id='word_1_36' title='bbox 850 934 989 994; x_wconf 87' lang='lat' dir='ltr'><strong>accentu</strong></span> <span class='ocrx_word' id='word_1_37' title='bbox 1011 923 1168 1014; x_wconf 80' lang='lat' dir='ltr'><strong>distingui</strong></span> <span class='ocrx_word' id='word_1_38' title='bbox 1188 948 1254 992; x_wconf 90' lang='lat' dir='ltr'><strong>non</strong></span> <span class='ocrx_word' id='word_1_39' title='bbox 1274 935 1397 1014; x_wconf 87' lang='lat' dir='ltr'><strong>posset.</strong></span> <span class='ocrx_word' id='word_1_40' title='bbox 1433 925 1479 992; x_wconf 90' lang='lat' dir='ltr'><strong>Ut</strong></span> <span class='ocrx_word' id='word_1_41' title='bbox 1499 948 1578 996; x_wconf 89' lang='lat' dir='ltr'><strong>vero</strong></span> <span class='ocrx_word' id='word_1_42' title='bbox 1601 949 1712 996; x_wconf 91' lang='lat' dir='ltr'><strong>omues</strong></span> <span class='ocrx_word' id='word_1_43' title='bbox 1734 928 1781 994; x_wconf 90' lang='lat' dir='ltr'><strong>illi</strong></span> <span class='ocrx_word' id='word_1_44' title='bbox 1802 925 1867 994; x_wconf 91' lang='lat' dir='ltr'><strong>loci</strong></span> <span class='ocrx_word' id='word_1_45' title='bbox 1880 926 1931 994; x_wconf 82' lang='lat' dir='ltr'><strong>&#39;ad</strong></span> <span class='ocrx_word' id='word_1_46' title='bbox 1953 925 2158 1014; x_wconf 83' lang='lat' dir='ltr'><strong>aequabilem</strong></span> 
     </span>
     <span class='ocr_line' id='line_1_5' title="bbox 356 1025 2159 1126; baseline -0.002 -26"><span class='ocrx_word' id='word_1_47' title='bbox 356 1031 598 1124; x_wconf 90' lang='lat' dir='ltr'><strong>parathetorum</strong></span> <span class='ocrx_word' id='word_1_48' title='bbox 626 1049 721 1094; x_wconf 89' lang='lat' dir='ltr'><strong>usum</strong></span> <span class='ocrx_word' id='word_1_49' title='bbox 749 1025 845 1096; x_wconf 82' lang='lat' dir='ltr'><strong>facile</strong></span> <span class='ocrx_word' id='word_1_50' title='bbox 874 1027 981 1115; x_wconf 82' lang='lat' dir='ltr'><strong>redigi</strong></span> <span class='ocrx_word' id='word_1_51' title='bbox 1006 1027 1154 1116; x_wconf 84' lang='lat' dir='ltr'><strong>possunt,</strong></span> <span class='ocrx_word' id='word_1_52' title='bbox 1184 1030 1239 1113; x_wconf 88' lang='lat' dir='ltr'><strong>ita,</strong></span> <span class='ocrx_word' id='word_1_53' title='bbox 1268 1030 1439 1116; x_wconf 80' lang='lat' dir='ltr'><strong>quominus</strong></span> <span class='ocrx_word' id='word_1_54' title='bbox 1467 1051 1542 1096; x_wconf 88' lang='lat' dir='ltr'><strong>eum</strong></span> <span class='ocrx_word' id='word_1_55' title='bbox 1567 1029 1714 1118; x_wconf 86' lang='lat' dir='ltr'><strong>Berghio</strong></span> <span class='ocrx_word' id='word_1_56' title='bbox 1740 1029 1863 1118; x_wconf 90' lang='lat' dir='ltr'><strong>ubique</strong></span> <span class='ocrx_word' id='word_1_57' title='bbox 1893 1028 2046 1118; x_wconf 85' lang='lat' dir='ltr'><strong>syntheta</strong></span> <span class='ocrx_word' id='word_1_58' title='bbox 2066 1053 2159 1126; x_wconf 80' lang='lat' dir='ltr'><strong>prae·</strong></span> 
     </span>
     <span class='ocr_line' id='line_1_6' title="bbox 355 1129 2157 1220; baseline -0.003 -17"><span class='ocrx_word' id='word_1_59' title='bbox 355 1139 509 1220; x_wconf 84' lang='lat' dir='ltr'><strong>feramus,</strong></span> <span class='ocrx_word' id='word_1_60' title='bbox 536 1132 721 1200; x_wconf 78' lang='lat' dir='ltr'><strong>accuratius</strong></span> <span class='ocrx_word' id='word_1_61' title='bbox 744 1129 785 1198; x_wconf 88' lang='lat' dir='ltr'><strong>de</strong></span> <span class='ocrx_word' id='word_1_62' title='bbox 807 1131 1040 1198; x_wconf 87' lang='lat' dir='ltr'><strong>reflexivorum</strong></span> <span class='ocrx_word' id='word_1_63' title='bbox 1067 1132 1192 1220; x_wconf 90' lang='lat' dir='ltr'><strong>origine</strong></span> <span class='ocrx_word' id='word_1_64' title='bbox 1221 1131 1409 1219; x_wconf 88' lang='lat' dir='ltr'><strong>quaerendo</strong></span> <span class='ocrx_word' id='word_1_65' title='bbox 1434 1129 1656 1219; x_wconf 83' lang='lat' dir='ltr'><strong>prohibemur.</strong></span> <span class='ocrx_word' id='word_1_66' title='bbox 1706 1133 1844 1200; x_wconf 81' lang='lat' dir='ltr'><strong>Constat</strong></span> <span class='ocrx_word' id='word_1_67' title='bbox 1870 1134 1966 1218; x_wconf 89' lang='lat' dir='ltr'><strong>enim,</strong></span> <span class='ocrx_word' id='word_1_68' title='bbox 1994 1153 2094 1220; x_wconf 88' lang='lat' dir='ltr'><strong>quum</strong></span> <span class='ocrx_word' id='word_1_69' title='bbox 2115 1132 2157 1200; x_wconf 92' lang='lat' dir='ltr'><strong>ab</strong></span> 
     </span>
     <span class='ocr_line' id='line_1_7' title="bbox 357 1233 2158 1328; baseline -0.004 -22"><span class='ocrx_word' id='word_1_70' title='bbox 357 1239 483 1328; x_wconf 90' lang='lat' dir='ltr'><strong>origine</strong></span> <span class='ocrx_word' id='word_1_71' title='bbox 504 1234 697 1324; x_wconf 88' lang='lat' dir='ltr'><strong>pronomina</strong></span> <span class='ocrx_word' id='word_1_72' title='bbox 716 1234 902 1322; x_wconf 86' lang='lat' dir='ltr'><strong>personalia</strong></span> <span class='ocrx_word' id='word_1_73' title='bbox 930 1233 1091 1320; x_wconf 88' lang='lat' dir='ltr'><strong>simplicia</strong></span> <span class='ocrx_word' id='word_1_74' title='bbox 1118 1233 1213 1298; x_wconf 91' lang='lat' dir='ltr'><strong>simul</strong></span> <span class='ocrx_word' id='word_1_75' title='bbox 1234 1233 1466 1300; x_wconf 89' lang='lat' dir='ltr'><strong>reflexivorum</strong></span> <span class='ocrx_word' id='word_1_76' title='bbox 1487 1235 1561 1300; x_wconf 90' lang='lat' dir='ltr'><strong>vice</strong></span> <span class='ocrx_word' id='word_1_77' title='bbox 1589 1234 1701 1302; x_wconf 88' lang='lat' dir='ltr'><strong>functa</strong></span> <span class='ocrx_word' id='word_1_78' title='bbox 1723 1245 1843 1322; x_wconf 89' lang='lat' dir='ltr'><strong>essent,</strong></span> <span class='ocrx_word' id='word_1_79' title='bbox 1870 1237 1958 1324; x_wconf 91' lang='lat' dir='ltr'><strong>apud</strong></span> <span class='ocrx_word' id='word_1_80' title='bbox 1979 1235 2158 1302; x_wconf 89' lang='lat' dir='ltr'><strong>Homerum</strong></span> 
     </span>
     <span class='ocr_line' id='line_1_8' title="bbox 356 1335 2157 1431; baseline -0.003 -22"><span class='ocrx_word' id='word_1_81' title='bbox 356 1345 463 1431; x_wconf 86' lang='lat' dir='ltr'><strong>prima</strong></span> <span class='ocrx_word' id='word_1_82' title='bbox 488 1339 580 1406; x_wconf 90' lang='lat' dir='ltr'><strong>initia</strong></span> <span class='ocrx_word' id='word_1_83' title='bbox 604 1358 795 1426; x_wconf 90' lang='lat' dir='ltr'><strong>comparere</strong></span> <span class='ocrx_word' id='word_1_84' title='bbox 821 1337 963 1402; x_wconf 88' lang='lat' dir='ltr'><strong>notionis</strong></span> <span class='ocrx_word' id='word_1_85' title='bbox 989 1335 1169 1404; x_wconf 88' lang='lat' dir='ltr'><strong>reflexivae</strong></span> <span class='ocrx_word' id='word_1_86' title='bbox 1196 1335 1307 1402; x_wconf 92' lang='lat' dir='ltr'><strong>addito</strong></span> <span class='ocrx_word' id='word_1_87' title='bbox 1334 1337 1523 1424; x_wconf 84' lang='lat' dir='ltr'><strong>pronomine</strong></span> <span class='ocrx_word' id='word_1_88' title='bbox 1554 1335 1651 1416; x_wconf 81' lang='grc' dir='ltr'><strong>αῦτός</strong></span> <span class='ocrx_word' id='word_1_89' title='bbox 1671 1336 1885 1425; x_wconf 87' lang='lat' dir='ltr'><strong>roborandae,</strong></span> <span class='ocrx_word' id='word_1_90' title='bbox 1915 1337 1975 1405; x_wconf 91' lang='lat' dir='ltr'><strong>sed</strong></span> <span class='ocrx_word' id='word_1_91' title='bbox 1997 1360 2157 1426; x_wconf 79' lang='lat' dir='ltr'><strong>nusquam</strong></span> 
     </span>
     <span class='ocr_line' id='line_1_9' title="bbox 355 1437 2160 1530; baseline -0.004 -18"><span class='ocrx_word' id='word_1_92' title='bbox 355 1446 417 1512; x_wconf 89' lang='lat' dir='ltr'><strong>hoo</strong></span> <span class='ocrx_word' id='word_1_93' title='bbox 441 1465 515 1510; x_wconf 88' lang='lat' dir='ltr'><strong>cum</strong></span> <span class='ocrx_word' id='word_1_94' title='bbox 537 1440 701 1530; x_wconf 87' lang='lat' dir='ltr'><strong>personali</strong></span> <span class='ocrx_word' id='word_1_95' title='bbox 721 1440 755 1504; x_wconf 91' lang='lat' dir='ltr'><strong>in</strong></span> <span class='ocrx_word' id='word_1_96' title='bbox 775 1461 872 1506; x_wconf 86' lang='lat' dir='ltr'><strong>unam</strong></span> <span class='ocrx_word' id='word_1_97' title='bbox 894 1460 1010 1526; x_wconf 84' lang='lat' dir='ltr'><strong>vocem</strong></span> <span class='ocrx_word' id='word_1_98' title='bbox 1033 1438 1205 1524; x_wconf 80' lang='lat' dir='ltr'><strong>coaluisse,</strong></span> <span class='ocrx_word' id='word_1_99' title='bbox 1234 1440 1268 1506; x_wconf 93' lang='lat' dir='ltr'><strong>id</strong></span> <span class='ocrx_word' id='word_1_100' title='bbox 1291 1438 1379 1528; x_wconf 89' lang='lat' dir='ltr'><strong>quod</strong></span> <span class='ocrx_word' id='word_1_101' title='bbox 1408 1437 1496 1526; x_wconf 87' lang='lat' dir='ltr'><strong>apud</strong></span> <span class='ocrx_word' id='word_1_102' title='bbox 1517 1442 1717 1506; x_wconf 85' lang='lat' dir='ltr'><strong>recentiores</strong></span> <span class='ocrx_word' id='word_1_103' title='bbox 1739 1441 1862 1508; x_wconf 85' lang='lat' dir='ltr'><strong>facturn</strong></span> <span class='ocrx_word' id='word_1_104' title='bbox 1883 1451 1943 1511; x_wconf 89' lang='lat' dir='ltr'><strong>est.</strong></span> <span class='ocrx_word' id='word_1_105' title='bbox 1991 1443 2093 1526; x_wconf 85' lang='lat' dir='ltr'><strong>Iones,</strong></span> <span class='ocrx_word' id='word_1_106' title='bbox 2123 1446 2160 1504; x_wconf 91' lang='lat' dir='ltr'><strong>ut</strong></span> 
     </span>
     <span class='ocr_line' id='line_1_10' title="bbox 357 1541 2157 1635; baseline -0.002 -21"><span class='ocrx_word' id='word_1_107' title='bbox 357 1548 399 1614; x_wconf 85' lang='lat' dir='ltr'><strong>ab</strong></span> <span class='ocrx_word' id='word_1_108' title='bbox 421 1545 472 1612; x_wconf 91' lang='lat' dir='ltr'><strong>his</strong></span> <span class='ocrx_word' id='word_1_109' title='bbox 495 1543 613 1628; x_wconf 86' lang='lat' dir='ltr'><strong>ordiar,</strong></span> <span class='ocrx_word' id='word_1_110' title='bbox 635 1542 759 1609; x_wconf 90' lang='lat' dir='ltr'><strong>habent</strong></span> <span class='ocrx_word' id='word_1_111' title='bbox 780 1541 940 1610; x_wconf 81' lang='lat' dir='ltr'><strong>refleaiva</strong></span> <span class='ocrx_word' id='word_1_112' title='bbox 960 1541 1125 1628; x_wconf 72' lang='grc' dir='ltr'><strong>ἐμεωυτοῦ,</strong></span> <span class='ocrx_word' id='word_1_113' title='bbox 1155 1547 1302 1622; x_wconf 76' lang='grc' dir='ltr'><strong>σεωυτοῦ,</strong></span> <span class='ocrx_word' id='word_1_114' title='bbox 1329 1543 1455 1626; x_wconf 72' lang='grc' dir='ltr'><strong>ἑωυτοῦ,</strong></span> <span class='ocrx_word' id='word_1_115' title='bbox 1486 1564 1570 1630; x_wconf 90' lang='lat' dir='ltr'><strong>quae</strong></span> <span class='ocrx_word' id='word_1_116' title='bbox 1599 1544 1685 1610; x_wconf 90' lang='lat' dir='ltr'><strong>crasi</strong></span> <span class='ocrx_word' id='word_1_117' title='bbox 1711 1566 1755 1611; x_wconf 86' lang='lat' dir='ltr'><strong>ex</strong></span> <span class='ocrx_word' id='word_1_118' title='bbox 1776 1545 1848 1628; x_wconf 77' lang='grc' dir='ltr'><strong>ἐμέο</strong></span> <span class='ocrx_word' id='word_1_119' title='bbox 1876 1545 1954 1635; x_wconf 82' lang='lat' dir='ltr'><strong>(oto,</strong></span> <span class='ocrx_word' id='word_1_120' title='bbox 1983 1545 2032 1634; x_wconf 77' lang='lat' dir='ltr'><strong>io)</strong></span> <span class='ocrx_word' id='word_1_121' title='bbox 2060 1542 2157 1612; x_wconf 85' lang='grc' dir='ltr'><strong>αῦτοῦ</strong></span> 
     </span>
     <span class='ocr_line' id='line_1_11' title="bbox 356 1645 2156 1734; baseline -0.002 -18"><span class='ocrx_word' id='word_1_122' title='bbox 356 1654 444 1718; x_wconf 82' lang='lat' dir='ltr'><strong>lacta</strong></span> <span class='ocrx_word' id='word_1_123' title='bbox 466 1669 539 1716; x_wconf 88' lang='lat' dir='ltr'><strong>esee</strong></span> <span class='ocrx_word' id='word_1_124' title='bbox 561 1655 740 1734; x_wconf 88' lang='lat' dir='ltr'><strong>praeeunte</strong></span> <span class='ocrx_word' id='word_1_125' title='bbox 761 1645 935 1712; x_wconf 82' lang='lat' dir='ltr'><strong>Eustathio</strong></span> <span class='ocrx_word' id='word_1_126' title='bbox 957 1646 999 1710; x_wconf 89' lang='lat' dir='ltr'><strong>ad</strong></span> <span class='ocrx_word' id='word_1_127' title='bbox 1019 1645 1057 1714; x_wconf 92' lang='lat' dir='ltr'><strong>ll.</strong></span> <span class='ocrx_word' id='word_1_128' title='bbox 1080 1649 1112 1730; x_wconf 86' lang='lat' dir='ltr'><strong>T,</strong></span> <span class='ocrx_word' id='word_1_129' title='bbox 1134 1647 1198 1712; x_wconf 84' lang='lat'><strong>413</strong></span> <span class='ocrx_word' id='word_1_130' title='bbox 1223 1652 1314 1712; x_wconf 89' lang='lat' dir='ltr'><strong>recte</strong></span> <span class='ocrx_word' id='word_1_131' title='bbox 1343 1655 1549 1733; x_wconf 85' lang='lat' dir='ltr'><strong>agnoverunt</strong></span> <span class='ocrx_word' id='word_1_132' title='bbox 1569 1646 1786 1712; x_wconf 89' lang='lat' dir='ltr'><strong>Buttmannus</strong></span> <span class='ocrx_word' id='word_1_133' title='bbox 1810 1648 1868 1717; x_wconf 82' lang='lat' dir='ltr'><strong>Gr.</strong></span> <span class='ocrx_word' id='word_1_134' title='bbox 1890 1646 1916 1732; x_wconf 88' lang='lat'><strong>1,</strong></span> <span class='ocrx_word' id='word_1_135' title='bbox 1938 1648 2001 1712; x_wconf 78' lang='lat'><strong>295</strong></span> <span class='ocrx_word' id='word_1_136' title='bbox 2023 1655 2057 1714; x_wconf 89' lang='lat' dir='ltr'><strong>et</strong></span> <span class='ocrx_word' id='word_1_137' title='bbox 2078 1647 2156 1714; x_wconf 88' lang='lat' dir='ltr'><strong>Bre-</strong></span> 
     </span>
     <span class='ocr_line' id='line_1_12' title="bbox 358 1747 2159 1838; baseline -0.002 -19"><span class='ocrx_word' id='word_1_138' title='bbox 358 1754 474 1820; x_wconf 89' lang='lat' dir='ltr'><strong>dovius</strong></span> <span class='ocrx_word' id='word_1_139' title='bbox 502 1749 577 1820; x_wconf 89' lang='lat' dir='ltr'><strong>dial.</strong></span> <span class='ocrx_word' id='word_1_140' title='bbox 598 1748 724 1818; x_wconf 87' lang='lat' dir='ltr'><strong>Herod.</strong></span> <span class='ocrx_word' id='word_1_141' title='bbox 745 1771 777 1836; x_wconf 92' lang='lat' dir='ltr'><strong>p.</strong></span> <span class='ocrx_word' id='word_1_142' title='bbox 800 1750 871 1816; x_wconf 77' lang='lat'><strong>200.</strong></span> <span class='ocrx_word' id='word_1_143' title='bbox 917 1747 1066 1836; x_wconf 80' lang='lat' dir='ltr'><strong>Apparet</strong></span> <span class='ocrx_word' id='word_1_144' title='bbox 1091 1757 1200 1816; x_wconf 90' lang='lat' dir='ltr'><strong>autem</strong></span> <span class='ocrx_word' id='word_1_145' title='bbox 1227 1747 1355 1814; x_wconf 91' lang='lat' dir='ltr'><strong>dativos</strong></span> <span class='ocrx_word' id='word_1_146' title='bbox 1385 1757 1419 1814; x_wconf 90' lang='lat' dir='ltr'><strong>et</strong></span> <span class='ocrx_word' id='word_1_147' title='bbox 1446 1749 1651 1818; x_wconf 83' lang='lat' dir='ltr'><strong>accusativos</strong></span> <span class='ocrx_word' id='word_1_148' title='bbox 1680 1749 1832 1838; x_wconf 76' lang='grc' dir='ltr'><strong>ἐμεωυτῷ,</strong></span> <span class='ocrx_word' id='word_1_149' title='bbox 1859 1749 2012 1833; x_wconf 74' lang='lat' dir='ltr'><strong>turnomio</strong></span> <span class='ocrx_word' id='word_1_150' title='bbox 2033 1760 2095 1817; x_wconf 87' lang='lat' dir='ltr'><strong>etc.</strong></span> <span class='ocrx_word' id='word_1_151' title='bbox 2125 1757 2159 1816; x_wconf 89' lang='lat' dir='ltr'><strong>et</strong></span> 
     </span>
     <span class='ocr_line' id='line_1_13' title="bbox 355 1850 2157 1944; baseline -0.001 -23"><span class='ocrx_word' id='word_1_152' title='bbox 355 1855 514 1944; x_wconf 83' lang='lat' dir='ltr'><strong>pluralem</strong></span> <span class='ocrx_word' id='word_1_153' title='bbox 536 1853 657 1920; x_wconf 74' lang='grc' dir='ltr'><strong>ἑωυτῶν</strong></span> <span class='ocrx_word' id='word_1_154' title='bbox 678 1859 741 1920; x_wconf 87' lang='lat' dir='ltr'><strong>etc.</strong></span> <span class='ocrx_word' id='word_1_155' title='bbox 763 1850 852 1918; x_wconf 88' lang='lat' dir='ltr'><strong>illam</strong></span> <span class='ocrx_word' id='word_1_156' title='bbox 872 1850 1035 1920; x_wconf 85' lang='lat' dir='ltr'><strong>vocalium</strong></span> <span class='ocrx_word' id='word_1_157' title='bbox 1056 1851 1225 1933; x_wconf 88' lang='lat' dir='ltr'><strong>rationem,</strong></span> <span class='ocrx_word' id='word_1_158' title='bbox 1256 1872 1340 1937; x_wconf 85' lang='lat' dir='ltr'><strong>quae</strong></span> <span class='ocrx_word' id='word_1_159' title='bbox 1362 1851 1396 1916; x_wconf 92' lang='lat' dir='ltr'><strong>in</strong></span> <span class='ocrx_word' id='word_1_160' title='bbox 1417 1851 1579 1938; x_wconf 86' lang='lat' dir='ltr'><strong>genetivis</strong></span> <span class='ocrx_word' id='word_1_161' title='bbox 1596 1854 1689 1941; x_wconf 89' lang='lat' dir='ltr'><strong>justa</strong></span> <span class='ocrx_word' id='word_1_162' title='bbox 1710 1854 1796 1920; x_wconf 88' lang='lat' dir='ltr'><strong>crasi</strong></span> <span class='ocrx_word' id='word_1_163' title='bbox 1816 1860 1894 1920; x_wconf 88' lang='lat' dir='ltr'><strong>nata</strong></span> <span class='ocrx_word' id='word_1_164' title='bbox 1915 1861 1975 1936; x_wconf 88' lang='lat' dir='ltr'><strong>est,</strong></span> <span class='ocrx_word' id='word_1_165' title='bbox 2001 1874 2062 1942; x_wconf 86' lang='lat' dir='ltr'><strong>per</strong></span> <span class='ocrx_word' id='word_1_166' title='bbox 2083 1875 2157 1942; x_wconf 82' lang='lat' dir='ltr'><strong>syn·</strong></span> 
     </span>
     <span class='ocr_line' id='line_1_14' title="bbox 355 1952 2156 2044; baseline 0.001 -20"><span class='ocrx_word' id='word_1_167' title='bbox 355 1955 532 2024; x_wconf 83' lang='lat' dir='ltr'><strong>endromen</strong></span> <span class='ocrx_word' id='word_1_168' title='bbox 553 1955 781 2042; x_wconf 83' lang='lat' dir='ltr'><strong>assumpsisse.</strong></span> <span class='ocrx_word' id='word_1_169' title='bbox 823 1953 877 2022; x_wconf 93' lang='lat' dir='ltr'><strong>De</strong></span> <span class='ocrx_word' id='word_1_170' title='bbox 899 1952 964 2020; x_wconf 86' lang='lat' dir='ltr'><strong>elia</strong></span> <span class='ocrx_word' id='word_1_171' title='bbox 983 1953 1216 2020; x_wconf 84' lang='lat' dir='ltr'><strong>reflexivorum</strong></span> <span class='ocrx_word' id='word_1_172' title='bbox 1236 1953 1422 2020; x_wconf 89' lang='lat' dir='ltr'><strong>lonicorum</strong></span> <span class='ocrx_word' id='word_1_173' title='bbox 1450 1953 1556 2020; x_wconf 80' lang='lat' dir='ltr'><strong>forma</strong></span> <span class='ocrx_word' id='word_1_174' title='bbox 1582 1976 1626 2020; x_wconf 89' lang='lat' dir='ltr'><strong>ex</strong></span> <span class='ocrx_word' id='word_1_175' title='bbox 1647 1954 1821 2044; x_wconf 90' lang='lat' dir='ltr'><strong>Apollonio</strong></span> <span class='ocrx_word' id='word_1_176' title='bbox 1849 1953 1890 2022; x_wconf 90' lang='lat' dir='ltr'><strong>de</strong></span> <span class='ocrx_word' id='word_1_177' title='bbox 1912 1977 1962 2043; x_wconf 91' lang='lat' dir='ltr'><strong>pr.</strong></span> <span class='ocrx_word' id='word_1_178' title='bbox 1983 1955 2034 2022; x_wconf 89' lang='grc'><strong>94.</strong></span> <span class='ocrx_word' id='word_1_179' title='bbox 2056 1955 2095 2026; x_wconf 91' lang='grc' dir='ltr'><strong>Β.</strong></span> <span class='ocrx_word' id='word_1_180' title='bbox 2118 1955 2156 2026; x_wconf 81' lang='lat'><strong>0.</strong></span> 
     </span>
     <span class='ocr_line' id='line_1_15' title="bbox 355 2055 2158 2146; baseline -0.002 -19"><span class='ocrx_word' id='word_1_181' title='bbox 355 2069 493 2146; x_wconf 81' lang='lat' dir='ltr'><strong>constat,</strong></span> <span class='ocrx_word' id='word_1_182' title='bbox 515 2057 572 2126; x_wconf 90' lang='lat' dir='ltr'><strong>ubi</strong></span> <span class='ocrx_word' id='word_1_183' title='bbox 592 2057 726 2124; x_wconf 90' lang='lat' dir='ltr'><strong>Ionibus</strong></span> <span class='ocrx_word' id='word_1_184' title='bbox 749 2056 863 2124; x_wconf 84' lang='lat' dir='ltr'><strong>tribuit</strong></span> <span class='ocrx_word' id='word_1_185' title='bbox 883 2055 1023 2140; x_wconf 76' lang='grc' dir='ltr'><strong>ἐμαυτοῦ</strong></span> <span class='ocrx_word' id='word_1_186' title='bbox 1045 2063 1079 2122; x_wconf 91' lang='lat' dir='ltr'><strong>et</strong></span> <span class='ocrx_word' id='word_1_187' title='bbox 1100 2057 1238 2140; x_wconf 74' lang='grc' dir='ltr'><strong>ἐμαυτόν</strong></span> <span class='ocrx_word' id='word_1_188' title='bbox 1266 2055 1342 2146; x_wconf 88' lang='lat' dir='ltr'><strong>(hoe</strong></span> <span class='ocrx_word' id='word_1_189' title='bbox 1364 2055 1552 2123; x_wconf 90' lang='lat' dir='ltr'><strong>Zenodotus</strong></span> <span class='ocrx_word' id='word_1_190' title='bbox 1580 2057 1677 2126; x_wconf 85' lang='lat' dir='ltr'><strong>etiam</strong></span> <span class='ocrx_word' id='word_1_191' title='bbox 1699 2056 1845 2124; x_wconf 89' lang='lat' dir='ltr'><strong>Homero</strong></span> <span class='ocrx_word' id='word_1_192' title='bbox 1866 2057 1951 2125; x_wconf 89' lang='lat' dir='ltr'><strong>male</strong></span> <span class='ocrx_word' id='word_1_193' title='bbox 1974 2057 2158 2126; x_wconf 89' lang='lat' dir='ltr'><strong>obtrnserat</strong></span> 
     </span>
     <span class='ocr_line' id='line_1_16' title="bbox 355 2157 2157 2248; baseline -0.002 -18"><span class='ocrx_word' id='word_1_194' title='bbox 355 2165 395 2230; x_wconf 91' lang='lat' dir='ltr'><strong>ll.</strong></span> <span class='ocrx_word' id='word_1_195' title='bbox 415 2171 451 2248; x_wconf 87' lang='lat' dir='ltr'><strong>A,</strong></span> <span class='ocrx_word' id='word_1_196' title='bbox 472 2164 558 2248; x_wconf 79' lang='lat'>271),</span> <span class='ocrx_word' id='word_1_197' title='bbox 586 2163 673 2230; x_wconf 88' lang='lat' dir='ltr'><strong>crasi</strong></span> <span class='ocrx_word' id='word_1_198' title='bbox 700 2159 790 2226; x_wconf 85' lang='lat' dir='ltr'><strong>lacta</strong></span> <span class='ocrx_word' id='word_1_199' title='bbox 814 2159 1003 2248; x_wconf 86' lang='lat' dir='ltr'><strong>significans</strong></span> <span class='ocrx_word' id='word_1_200' title='bbox 1029 2159 1063 2224; x_wconf 92' lang='lat' dir='ltr'><strong>in</strong></span> <span class='ocrx_word' id='word_1_201' title='bbox 1091 2181 1166 2226; x_wconf 90' lang='lat' dir='ltr'><strong>eum</strong></span> <span class='ocrx_word' id='word_1_202' title='bbox 1185 2157 1327 2244; x_wconf 87' lang='lat' dir='ltr'><strong>modum,</strong></span> <span class='ocrx_word' id='word_1_203' title='bbox 1356 2167 1393 2223; x_wconf 92' lang='lat' dir='ltr'><strong>ut</strong></span> <span class='ocrx_word' id='word_1_204' title='bbox 1419 2160 1626 2226; x_wconf 88' lang='lat' dir='ltr'><strong>accusativus</strong></span> <span class='ocrx_word' id='word_1_205' title='bbox 1653 2160 1844 2248; x_wconf 84' lang='lat' dir='ltr'><strong>genetivum</strong></span> <span class='ocrx_word' id='word_1_206' title='bbox 1870 2161 2013 2228; x_wconf 84' lang='lat' dir='ltr'><strong>imitatus</strong></span> <span class='ocrx_word' id='word_1_207' title='bbox 2040 2169 2097 2228; x_wconf 86' lang='lat' dir='ltr'><strong>aut</strong></span> <span class='ocrx_word' id='word_1_208' title='bbox 2123 2163 2157 2226; x_wconf 92' lang='lat' dir='ltr'><strong>in</strong></span> 
     </span>
     <span class='ocr_line' id='line_1_17' title="bbox 354 2261 2158 2352; baseline -0.001 -22"><span class='ocrx_word' id='word_1_209' title='bbox 354 2264 410 2332; x_wconf 93' lang='lat' dir='ltr'><strong>illo</strong></span> <span class='ocrx_word' id='word_1_210' title='bbox 433 2265 581 2332; x_wconf 74' lang='lat' dir='ltr'><strong>alonius</strong></span> <span class='ocrx_word' id='word_1_211' title='bbox 603 2265 636 2329; x_wconf 91' lang='lat' dir='ltr'><strong>in</strong></span> <span class='ocrx_word' id='word_1_212' title='bbox 659 2289 683 2330; x_wconf 90' lang='grc' dir='ltr'><strong>ω</strong></span> <span class='ocrx_word' id='word_1_213' title='bbox 710 2273 867 2329; x_wconf 88' lang='lat' dir='ltr'><strong>mutatum</strong></span> <span class='ocrx_word' id='word_1_214' title='bbox 894 2264 947 2329; x_wconf 89' lang='lat' dir='ltr'><strong>sit.</strong></span> <span class='ocrx_word' id='word_1_215' title='bbox 994 2261 1133 2329; x_wconf 87' lang='lat' dir='ltr'><strong>Videtur</strong></span> <span class='ocrx_word' id='word_1_216' title='bbox 1159 2263 1259 2350; x_wconf 90' lang='lat' dir='ltr'><strong>igitur</strong></span> <span class='ocrx_word' id='word_1_217' title='bbox 1292 2262 1431 2344; x_wconf 77' lang='grc' dir='ltr'><strong>ἐμαυτοῦ</strong></span> <span class='ocrx_word' id='word_1_218' title='bbox 1460 2263 1617 2349; x_wconf 73' lang='lat' dir='ltr'><strong>exduci,</strong></span> <span class='ocrx_word' id='word_1_219' title='bbox 1646 2262 1734 2350; x_wconf 89' lang='lat' dir='ltr'><strong>quod</strong></span> <span class='ocrx_word' id='word_1_220' title='bbox 1761 2261 1803 2329; x_wconf 94' lang='lat' dir='ltr'><strong>ab</strong></span> <span class='ocrx_word' id='word_1_221' title='bbox 1831 2262 1911 2330; x_wconf 90' lang='lat' dir='ltr'><strong>Iade</strong></span> <span class='ocrx_word' id='word_1_222' title='bbox 1933 2263 2096 2352; x_wconf 82' lang='lat' dir='ltr'><strong>abhorret,</strong></span> <span class='ocrx_word' id='word_1_223' title='bbox 2124 2273 2158 2331; x_wconf 94' lang='lat' dir='ltr'><strong>et</strong></span> 
     </span>
     <span class='ocr_line' id='line_1_18' title="bbox 356 2364 2157 2455; baseline -0.003 -18"><span class='ocrx_word' id='word_1_224' title='bbox 356 2368 453 2436; x_wconf 81' lang='grc' dir='ltr'><strong>αὖτοῦ</strong></span> <span class='ocrx_word' id='word_1_225' title='bbox 476 2365 651 2434; x_wconf 85' lang='lat' dir='ltr'><strong>conflatum</strong></span> <span class='ocrx_word' id='word_1_226' title='bbox 671 2375 823 2455; x_wconf 87' lang='lat' dir='ltr'><strong>putasse;</strong></span> <span class='ocrx_word' id='word_1_227' title='bbox 854 2366 977 2432; x_wconf 87' lang='lat' dir='ltr'><strong>rectius</strong></span> <span class='ocrx_word' id='word_1_228' title='bbox 999 2389 1015 2431; x_wconf 89' lang='lat' dir='ltr'><strong>s</strong></span> <span class='ocrx_word' id='word_1_229' title='bbox 1036 2373 1112 2432; x_wconf 89' lang='lat' dir='ltr'><strong>ante</strong></span> <span class='ocrx_word' id='word_1_230' title='bbox 1142 2373 1334 2452; x_wconf 89' lang='lat' dir='ltr'><strong>sequentem</strong></span> <span class='ocrx_word' id='word_1_231' title='bbox 1362 2364 1599 2454; x_wconf 84' lang='lat' dir='ltr'><strong>diphthongum</strong></span> <span class='ocrx_word' id='word_1_232' title='bbox 1622 2367 1763 2454; x_wconf 88' lang='lat' dir='ltr'><strong>ejectum</strong></span> <span class='ocrx_word' id='word_1_233' title='bbox 1785 2387 1860 2432; x_wconf 88' lang='lat' dir='ltr'><strong>esse</strong></span> <span class='ocrx_word' id='word_1_234' title='bbox 1875 2365 2079 2453; x_wconf 86' lang='lat' dir='ltr'><strong>judicaveris</strong></span> <span class='ocrx_word' id='word_1_235' title='bbox 2101 2375 2157 2434; x_wconf 88' lang='lat' dir='ltr'><strong>aut</strong></span> 
     </span>
     <span class='ocr_line' id='line_1_19' title="bbox 354 2467 2155 2560; baseline -0.001 -22"><span class='ocrx_word' id='word_1_236' title='bbox 354 2474 417 2540; x_wconf 93' lang='lat' dir='ltr'><strong>hoc</strong></span> <span class='ocrx_word' id='word_1_237' title='bbox 440 2491 544 2560; x_wconf 86' lang='lat' dir='ltr'><strong>genus</strong></span> <span class='ocrx_word' id='word_1_238' title='bbox 567 2469 718 2536; x_wconf 82' lang='lat' dir='ltr'><strong>adalivo</strong></span> <span class='ocrx_word' id='word_1_239' title='bbox 739 2470 924 2558; x_wconf 85' lang='lat' dir='ltr'><strong>profectum</strong></span> <span class='ocrx_word' id='word_1_240' title='bbox 945 2490 1019 2536; x_wconf 90' lang='lat' dir='ltr'><strong>esse</strong></span> <span class='ocrx_word' id='word_1_241' title='bbox 1042 2468 1148 2556; x_wconf 90' lang='lat' dir='ltr'><strong>(velut</strong></span> <span class='ocrx_word' id='word_1_242' title='bbox 1173 2468 1300 2558; x_wconf 73' lang='grc' dir='ltr'><strong>ἐμαυτῷ</strong></span> <span class='ocrx_word' id='word_1_243' title='bbox 1322 2491 1365 2536; x_wconf 85' lang='lat' dir='ltr'><strong>ex</strong></span> <span class='ocrx_word' id='word_1_244' title='bbox 1387 2468 1457 2552; x_wconf 78' lang='lat' dir='ltr'><strong>tuot</strong></span> <span class='ocrx_word' id='word_1_245' title='bbox 1479 2467 1579 2558; x_wconf 75' lang='grc' dir='ltr'><strong>αὐτῷ)</strong></span> <span class='ocrx_word' id='word_1_246' title='bbox 1600 2478 1637 2533; x_wconf 90' lang='lat' dir='ltr'><strong>ut</strong></span> <span class='ocrx_word' id='word_1_247' title='bbox 1658 2469 1795 2534; x_wconf 88' lang='lat' dir='ltr'><strong>alterum</strong></span> <span class='ocrx_word' id='word_1_248' title='bbox 1817 2490 1838 2533; x_wconf 89' lang='lat' dir='ltr'><strong>a</strong></span> <span class='ocrx_word' id='word_1_249' title='bbox 1857 2469 2013 2556; x_wconf 87' lang='lat' dir='ltr'><strong>genetivo</strong></span> <span class='ocrx_word' id='word_1_250' title='bbox 2025 2471 2075 2558; x_wconf 67' lang='grc' dir='ltr'><strong>ι4).</strong></span> <span class='ocrx_word' id='word_1_251' title='bbox 2117 2469 2155 2536; x_wconf 90' lang='lat' dir='ltr'><strong>ln</strong></span> 
     </span>
     <span class='ocr_line' id='line_1_20' title="bbox 354 2569 2157 2660; baseline -0.003 -18"><span class='ocrx_word' id='word_1_252' title='bbox 354 2578 465 2642; x_wconf 84' lang='lat' dir='ltr'><strong>Attica</strong></span> <span class='ocrx_word' id='word_1_253' title='bbox 488 2571 628 2642; x_wconf 87' lang='lat' dir='ltr'><strong>dialecto</strong></span> <span class='ocrx_word' id='word_1_254' title='bbox 649 2572 762 2638; x_wconf 88' lang='lat' dir='ltr'><strong>itidem</strong></span> <span class='ocrx_word' id='word_1_255' title='bbox 785 2570 909 2660; x_wconf 85' lang='lat' dir='ltr'><strong>duplex</strong></span> <span class='ocrx_word' id='word_1_256' title='bbox 931 2592 1035 2658; x_wconf 91' lang='lat' dir='ltr'><strong>genus</strong></span> <span class='ocrx_word' id='word_1_257' title='bbox 1056 2570 1289 2638; x_wconf 85' lang='lat' dir='ltr'><strong>reflexivorum</strong></span> <span class='ocrx_word' id='word_1_258' title='bbox 1312 2579 1413 2642; x_wconf 89' lang='lat' dir='ltr'><strong>extat.</strong></span> <span class='ocrx_word' id='word_1_259' title='bbox 1448 2570 1598 2637; x_wconf 89' lang='lat' dir='ltr'><strong>Alterum</strong></span> <span class='ocrx_word' id='word_1_260' title='bbox 1620 2569 1774 2658; x_wconf 87' lang='lat' dir='ltr'><strong>plenioris</strong></span> <span class='ocrx_word' id='word_1_261' title='bbox 1797 2571 1921 2636; x_wconf 88' lang='lat' dir='ltr'><strong>formae</strong></span> <span class='ocrx_word' id='word_1_262' title='bbox 1943 2573 2064 2660; x_wconf 88' lang='lat' dir='ltr'><strong>(prima</strong></span> <span class='ocrx_word' id='word_1_263' title='bbox 2084 2595 2157 2660; x_wconf 89' lang='lat' dir='ltr'><strong>per-</strong></span> 
     </span>
     <span class='ocr_line' id='line_1_21' title="bbox 354 2671 2156 2764; baseline -0.003 -18"><span class='ocrx_word' id='word_1_264' title='bbox 354 2701 436 2746; x_wconf 89' lang='lat' dir='ltr'><strong>sona</strong></span> <span class='ocrx_word' id='word_1_265' title='bbox 456 2675 655 2764; x_wconf 82' lang='lat' dir='ltr'><strong>deficiente),</strong></span> <span class='ocrx_word' id='word_1_266' title='bbox 676 2679 820 2758; x_wconf 88' lang='grc' dir='ltr'><strong>σεαυτοῦ,</strong></span> <span class='ocrx_word' id='word_1_267' title='bbox 840 2675 954 2742; x_wconf 68' lang='grc' dir='ltr'><strong>ἑαυτοῦ</strong></span> <span class='ocrx_word' id='word_1_268' title='bbox 977 2683 1050 2759; x_wconf 79' lang='lat' dir='ltr'><strong>eta,</strong></span> <span class='ocrx_word' id='word_1_269' title='bbox 1077 2697 1098 2740; x_wconf 87' lang='lat' dir='ltr'><strong>a</strong></span> <span class='ocrx_word' id='word_1_270' title='bbox 1118 2675 1228 2762; x_wconf 90' lang='lat' dir='ltr'><strong>priore</strong></span> <span class='ocrx_word' id='word_1_271' title='bbox 1256 2696 1379 2762; x_wconf 86' lang='lat' dir='ltr'><strong>genere</strong></span> <span class='ocrx_word' id='word_1_272' title='bbox 1400 2673 1513 2740; x_wconf 91' lang='lat' dir='ltr'><strong>lonico</strong></span> <span class='ocrx_word' id='word_1_273' title='bbox 1541 2671 1631 2738; x_wconf 88' lang='lat' dir='ltr'><strong>nulla</strong></span> <span class='ocrx_word' id='word_1_274' title='bbox 1652 2673 1715 2738; x_wconf 84' lang='lat' dir='ltr'><strong>alia</strong></span> <span class='ocrx_word' id='word_1_275' title='bbox 1742 2696 1778 2739; x_wconf 89' lang='lat' dir='ltr'><strong>re</strong></span> <span class='ocrx_word' id='word_1_276' title='bbox 1801 2671 1919 2758; x_wconf 86' lang='lat' dir='ltr'><strong>differt,</strong></span> <span class='ocrx_word' id='word_1_277' title='bbox 1948 2696 2045 2763; x_wconf 88' lang='lat' dir='ltr'><strong>quam</strong></span> <span class='ocrx_word' id='word_1_278' title='bbox 2068 2675 2156 2764; x_wconf 92' lang='lat' dir='ltr'><strong>quod</strong></span> 
     </span>
     <span class='ocr_line' id='line_1_22' title="bbox 353 2774 2154 2868; baseline -0.001 -20"><span class='ocrx_word' id='word_1_279' title='bbox 353 2781 473 2848; x_wconf 84' lang='lat' dir='ltr'><strong>Atticis</strong></span> <span class='ocrx_word' id='word_1_280' title='bbox 495 2779 598 2846; x_wconf 88' lang='lat' dir='ltr'><strong>erasis</strong></span> <span class='ocrx_word' id='word_1_281' title='bbox 619 2775 749 2868; x_wconf 86' lang='lat' dir='ltr'><strong>legibus</strong></span> <span class='ocrx_word' id='word_1_282' title='bbox 770 2781 889 2868; x_wconf 78' lang='lat' dir='ltr'><strong>pararit.</strong></span> <span class='ocrx_word' id='word_1_283' title='bbox 931 2778 1017 2844; x_wconf 86' lang='lat' dir='ltr'><strong>Nam</strong></span> <span class='ocrx_word' id='word_1_284' title='bbox 1031 2782 1163 2844; x_wconf 89' lang='grc' dir='ltr'><strong>σεαυτοῦ</strong></span> <span class='ocrx_word' id='word_1_285' title='bbox 1179 2797 1224 2844; x_wconf 87' lang='lat' dir='ltr'><strong>ex</strong></span> <span class='ocrx_word' id='word_1_286' title='bbox 1242 2779 1296 2846; x_wconf 79' lang='lat' dir='ltr'><strong>oio</strong></span> <span class='ocrx_word' id='word_1_287' title='bbox 1318 2775 1416 2844; x_wconf 76' lang='lat' dir='ltr'><strong>edroi</strong></span> <span class='ocrx_word' id='word_1_288' title='bbox 1437 2777 1561 2844; x_wconf 83' lang='lat' dir='ltr'><strong>lactum</strong></span> <span class='ocrx_word' id='word_1_289' title='bbox 1582 2781 1634 2844; x_wconf 91' lang='lat' dir='ltr'><strong>est</strong></span> <span class='ocrx_word' id='word_1_290' title='bbox 1654 2774 1809 2844; x_wconf 70' lang='lat' dir='ltr'><strong>utendae*</strong></span> <span class='ocrx_word' id='word_1_291' title='bbox 1832 2799 1876 2844; x_wconf 84' lang='lat' dir='ltr'><strong>ex</strong></span> <span class='ocrx_word' id='word_1_292' title='bbox 1896 2775 1934 2844; x_wconf 81' lang='grc' dir='ltr'><strong>τὸ</strong></span> <span class='ocrx_word' id='word_1_293' title='bbox 1958 2775 2047 2864; x_wconf 74' lang='grc' dir='ltr'><strong>αὐτό,</strong></span> <span class='ocrx_word' id='word_1_294' title='bbox 2068 2777 2154 2849; x_wconf 88' lang='lat' dir='ltr'><strong>unde</strong></span> 
     </span>
     <span class='ocr_line' id='line_1_23' title="bbox 353 2877 2155 2976; baseline 0 -26"><span class='ocrx_word' id='word_1_295' title='bbox 353 2885 464 2953; x_wconf 86' lang='lat' dir='ltr'><strong>Ionios</strong></span> <span class='ocrx_word' id='word_1_296' title='bbox 484 2881 595 2950; x_wconf 79' lang='grc' dir='ltr'><strong>τοῦτο’.</strong></span> <span class='ocrx_word' id='word_1_297' title='bbox 638 2880 902 2950; x_wconf 85' lang='lat' dir='ltr'><strong>Oomeutaneum</strong></span> <span class='ocrx_word' id='word_1_298' title='bbox 924 2887 1033 2950; x_wconf 88' lang='lat' dir='ltr'><strong>estut</strong></span> <span class='ocrx_word' id='word_1_299' title='bbox 1054 2881 1152 2976; x_wconf 82' lang='lat' dir='ltr'><strong>etiepr</strong></span> <span class='ocrx_word' id='word_1_300' title='bbox 1176 2879 1271 2947; x_wconf 84' lang='lat' dir='ltr'><strong>alteri</strong></span> <span class='ocrx_word' id='word_1_301' title='bbox 1290 2881 1406 2968; x_wconf 85' lang='lat' dir='ltr'><strong>generi</strong></span> <span class='ocrx_word' id='word_1_302' title='bbox 1426 2881 1549 2965; x_wconf 87' lang='lat' dir='ltr'><strong>Attico,</strong></span> <span class='ocrx_word' id='word_1_303' title='bbox 1571 2878 1707 2972; x_wconf 75' lang='lat' dir='ltr'><strong>turcani</strong></span> <span class='ocrx_word' id='word_1_304' title='bbox 1730 2882 1848 2946; x_wconf 90' lang='grc' dir='ltr'><strong>σαυτοῦ</strong></span> <span class='ocrx_word' id='word_1_305' title='bbox 1872 2877 1971 2948; x_wconf 78' lang='grc' dir='ltr'><strong>αὑτοῦ</strong></span> <span class='ocrx_word' id='word_1_306' title='bbox 1983 2890 2057 2968; x_wconf 77' lang='lat' dir='ltr'><strong>eta,</strong></span> <span class='ocrx_word' id='word_1_307' title='bbox 2079 2903 2155 2950; x_wconf 85' lang='lat' dir='ltr'><strong>eau-</strong></span> 
     </span>
     <span class='ocr_line' id='line_1_24' title="bbox 354 2982 2154 3074; baseline -0.002 -19"><span class='ocrx_word' id='word_1_308' title='bbox 354 2988 430 3056; x_wconf 88' lang='lat' dir='ltr'><strong>dem</strong></span> <span class='ocrx_word' id='word_1_309' title='bbox 452 2987 611 3074; x_wconf 86' lang='lat' dir='ltr'><strong>originem</strong></span> <span class='ocrx_word' id='word_1_310' title='bbox 632 2983 836 3052; x_wconf 88' lang='lat' dir='ltr'><strong>vindicemus</strong></span> <span class='ocrx_word' id='word_1_311' title='bbox 866 2993 964 3072; x_wconf 90' lang='lat' dir='ltr'><strong>atque</strong></span> <span class='ocrx_word' id='word_1_312' title='bbox 993 2982 1089 3050; x_wconf 90' lang='lat' dir='ltr'><strong>alteri</strong></span> <span class='ocrx_word' id='word_1_313' title='bbox 1109 2982 1222 3050; x_wconf 90' lang='lat' dir='ltr'><strong>Ionico</strong></span> <span class='ocrx_word' id='word_1_314' title='bbox 1250 2993 1284 3050; x_wconf 88' lang='lat' dir='ltr'><strong>et</strong></span> <span class='ocrx_word' id='word_1_315' title='bbox 1305 2988 1422 3054; x_wconf 89' lang='grc' dir='ltr'><strong>σαυτοῦ</strong></span> <span class='ocrx_word' id='word_1_316' title='bbox 1451 2993 1508 3050; x_wconf 87' lang='lat' dir='ltr'><strong>aut</strong></span> <span class='ocrx_word' id='word_1_317' title='bbox 1538 3003 1583 3050; x_wconf 84' lang='lat' dir='ltr'><strong>ex</strong></span> <span class='ocrx_word' id='word_1_318' title='bbox 1611 2985 1745 3048; x_wconf 78' lang='grc' dir='ltr'><strong>σεαυτοῦ</strong></span> <span class='ocrx_word' id='word_1_319' title='bbox 1768 2983 1876 3070; x_wconf 90' lang='lat' dir='ltr'><strong>ejecto</strong></span> <span class='ocrx_word' id='word_1_320' title='bbox 1897 3006 1912 3050; x_wconf 89' lang='grc' dir='ltr'><strong>ε</strong></span> <span class='ocrx_word' id='word_1_321' title='bbox 1934 2985 2057 3050; x_wconf 85' lang='lat' dir='ltr'><strong>facturn</strong></span> <span class='ocrx_word' id='word_1_322' title='bbox 2079 3007 2154 3052; x_wconf 88' lang='lat' dir='ltr'><strong>esse</strong></span> 
     </span>
     <span class='ocr_line' id='line_1_25' title="bbox 353 3081 2154 3180; baseline -0.003 -22"><span class='ocrx_word' id='word_1_323' title='bbox 353 3099 506 3180; x_wconf 90' lang='lat' dir='ltr'><strong>putemne</strong></span> <span class='ocrx_word' id='word_1_324' title='bbox 529 3087 648 3156; x_wconf 86' lang='lat' dir='ltr'><strong>autad</strong></span> <span class='ocrx_word' id='word_1_325' title='bbox 670 3087 773 3154; x_wconf 88' lang='lat' dir='ltr'><strong>dativi</strong></span> <span class='ocrx_word' id='word_1_326' title='bbox 794 3091 908 3176; x_wconf 79' lang='grc' dir='ltr'><strong>σαυτῷ,</strong></span> <span class='ocrx_word' id='word_1_327' title='bbox 935 3109 979 3153; x_wconf 84' lang='lat' dir='ltr'><strong>ex</strong></span> <span class='ocrx_word' id='word_1_328' title='bbox 1000 3089 1053 3154; x_wconf 89' lang='lat' dir='ltr'><strong>ool</strong></span> <span class='ocrx_word' id='word_1_329' title='bbox 1074 3085 1159 3176; x_wconf 73' lang='grc' dir='ltr'><strong>αὐτῷ</strong></span> <span class='ocrx_word' id='word_1_330' title='bbox 1180 3109 1241 3174; x_wconf 88' lang='lat' dir='ltr'><strong>per</strong></span> <span class='ocrx_word' id='word_1_331' title='bbox 1263 3088 1370 3154; x_wconf 87' lang='lat' dir='ltr'><strong>cresin</strong></span> <span class='ocrx_word' id='word_1_332' title='bbox 1391 3088 1480 3172; x_wconf 84' lang='lat' dir='ltr'><strong>lacti,</strong></span> <span class='ocrx_word' id='word_1_333' title='bbox 1508 3081 1751 3152; x_wconf 89' lang='lat' dir='ltr'><strong>similitudinem</strong></span> <span class='ocrx_word' id='word_1_334' title='bbox 1773 3084 2018 3170; x_wconf 85' lang='lat' dir='ltr'><strong>conformatum,</strong></span> <span class='ocrx_word' id='word_1_335' title='bbox 2047 3109 2154 3174; x_wconf 90' lang='lat' dir='ltr'><strong>neque</strong></span> 
     </span>
     <span class='ocr_line' id='line_1_26' title="bbox 354 3185 2155 3280; baseline -0.002 -20"><span class='ocrx_word' id='word_1_336' title='bbox 354 3193 449 3260; x_wconf 90' lang='lat' dir='ltr'><strong>aliter</strong></span> <span class='ocrx_word' id='word_1_337' title='bbox 470 3191 605 3280; x_wconf 88' lang='lat' dir='ltr'><strong>reliqua.</strong></span> <span class='ocrx_word' id='word_1_338' title='bbox 648 3191 751 3258; x_wconf 84' lang='lat' dir='ltr'><strong>Doris</strong></span> <span class='ocrx_word' id='word_1_339' title='bbox 772 3190 923 3278; x_wconf 89' lang='lat' dir='ltr'><strong>genuinis</strong></span> <span class='ocrx_word' id='word_1_340' title='bbox 944 3189 1112 3256; x_wconf 83' lang='lat' dir='ltr'><strong>reflexivis</strong></span> <span class='ocrx_word' id='word_1_341' title='bbox 1135 3212 1153 3255; x_wconf 92' lang='lat' dir='ltr'><strong>e</strong></span> <span class='ocrx_word' id='word_1_342' title='bbox 1176 3189 1419 3276; x_wconf 90' lang='lat' dir='ltr'><strong>pronominibus</strong></span> <span class='ocrx_word' id='word_1_343' title='bbox 1441 3186 1668 3276; x_wconf 87' lang='lat' dir='ltr'><strong>personalibus</strong></span> <span class='ocrx_word' id='word_1_344' title='bbox 1691 3195 1725 3253; x_wconf 89' lang='lat' dir='ltr'><strong>et</strong></span> <span class='ocrx_word' id='word_1_345' title='bbox 1746 3185 1841 3266; x_wconf 82' lang='grc' dir='ltr'><strong>αῦιός</strong></span> <span class='ocrx_word' id='word_1_346' title='bbox 1861 3187 1915 3256; x_wconf 91' lang='lat' dir='ltr'><strong>vel</strong></span> <span class='ocrx_word' id='word_1_347' title='bbox 1936 3189 2081 3256; x_wconf 79' lang='grc' dir='ltr'><strong>συνθέσει</strong></span> <span class='ocrx_word' id='word_1_348' title='bbox 2101 3191 2155 3258; x_wconf 91' lang='lat' dir='ltr'><strong>vel</strong></span> 
     </span>
     <span class='ocr_line' id='line_1_27' title="bbox 354 3289 2153 3386; baseline -0.003 -22"><span class='ocrx_word' id='word_1_349' title='bbox 354 3295 530 3386; x_wconf 75' lang='grc' dir='ltr'><strong>παραθέσει</strong></span> <span class='ocrx_word' id='word_1_350' title='bbox 555 3293 651 3359; x_wconf 86' lang='lat' dir='ltr'><strong>factis</strong></span> <span class='ocrx_word' id='word_1_351' title='bbox 677 3313 812 3380; x_wconf 89' lang='lat' dir='ltr'><strong>prorsus</strong></span> <span class='ocrx_word' id='word_1_352' title='bbox 840 3291 1036 3360; x_wconf 88' lang='lat' dir='ltr'><strong>abstinuisse</strong></span> <span class='ocrx_word' id='word_1_353' title='bbox 1065 3291 1205 3362; x_wconf 88' lang='lat' dir='ltr'><strong>videtur.</strong></span> <span class='ocrx_word' id='word_1_354' title='bbox 1255 3292 1409 3358; x_wconf 91' lang='lat' dir='ltr'><strong>Puriores</strong></span> <span class='ocrx_word' id='word_1_355' title='bbox 1437 3300 1528 3358; x_wconf 84' lang='lat' dir='ltr'><strong>certe</strong></span> <span class='ocrx_word' id='word_1_356' title='bbox 1555 3299 1589 3356; x_wconf 89' lang='lat' dir='ltr'><strong>et</strong></span> <span class='ocrx_word' id='word_1_357' title='bbox 1616 3289 1816 3378; x_wconf 89' lang='lat' dir='ltr'><strong>antiquiores</strong></span> <span class='ocrx_word' id='word_1_358' title='bbox 1843 3291 1950 3358; x_wconf 89' lang='lat' dir='ltr'><strong>fontes</strong></span> <span class='ocrx_word' id='word_1_359' title='bbox 1972 3291 2061 3358; x_wconf 88' lang='lat' dir='ltr'><strong>nulla</strong></span> <span class='ocrx_word' id='word_1_360' title='bbox 2083 3294 2153 3382; x_wconf 88' lang='lat' dir='ltr'><strong>ejus</strong></span> 
     </span>
     <span class='ocr_line' id='line_1_28' title="bbox 352 3391 2154 3487; baseline -0.004 -19"><span class='ocrx_word' id='word_1_361' title='bbox 352 3399 483 3487; x_wconf 87' lang='lat' dir='ltr'><strong>generis</strong></span> <span class='ocrx_word' id='word_1_362' title='bbox 506 3393 658 3484; x_wconf 86' lang='lat' dir='ltr'><strong>exempla</strong></span> <span class='ocrx_word' id='word_1_363' title='bbox 678 3394 814 3480; x_wconf 88' lang='lat' dir='ltr'><strong>habent;</strong></span> <span class='ocrx_word' id='word_1_364' title='bbox 847 3393 907 3462; x_wconf 90' lang='lat' dir='ltr'><strong>sed</strong></span> <span class='ocrx_word' id='word_1_365' title='bbox 927 3394 1079 3462; x_wconf 85' lang='lat' dir='ltr'><strong>reflexivi</strong></span> <span class='ocrx_word' id='word_1_366' title='bbox 1106 3393 1256 3460; x_wconf 90' lang='lat' dir='ltr'><strong>omnihus</strong></span> <span class='ocrx_word' id='word_1_367' title='bbox 1277 3396 1426 3482; x_wconf 89' lang='lat' dir='ltr'><strong>personis</strong></span> <span class='ocrx_word' id='word_1_368' title='bbox 1449 3394 1629 3460; x_wconf 89' lang='lat' dir='ltr'><strong>communis</strong></span> <span class='ocrx_word' id='word_1_369' title='bbox 1658 3394 1731 3460; x_wconf 92' lang='lat' dir='ltr'><strong>vice</strong></span> <span class='ocrx_word' id='word_1_370' title='bbox 1758 3391 1855 3460; x_wconf 90' lang='lat' dir='ltr'><strong>modo</strong></span> <span class='ocrx_word' id='word_1_371' title='bbox 1877 3391 2018 3482; x_wconf 85' lang='lat' dir='ltr'><strong>simplex</strong></span> <span class='ocrx_word' id='word_1_372' title='bbox 2038 3416 2154 3481; x_wconf 87' lang='lat' dir='ltr'><strong>prono-</strong></span> 
     </span>
     <span class='ocr_line' id='line_1_29' title="bbox 353 3493 2155 3586; baseline 0 -20"><span class='ocrx_word' id='word_1_373' title='bbox 353 3523 427 3566; x_wconf 88' lang='lat' dir='ltr'><strong>men</strong></span> <span class='ocrx_word' id='word_1_374' title='bbox 450 3498 545 3578; x_wconf 81' lang='grc' dir='ltr'><strong>αῦτός</strong></span> <span class='ocrx_word' id='word_1_375' title='bbox 565 3499 720 3586; x_wconf 85' lang='lat' dir='ltr'><strong>fungitur,</strong></span> <span class='ocrx_word' id='word_1_376' title='bbox 743 3506 779 3562; x_wconf 91' lang='lat' dir='ltr'><strong>ut</strong></span> <span class='ocrx_word' id='word_1_377' title='bbox 795 3500 864 3586; x_wconf 88' lang='lat' dir='ltr'><strong>jam</strong></span> <span class='ocrx_word' id='word_1_378' title='bbox 886 3497 973 3584; x_wconf 90' lang='lat' dir='ltr'><strong>apud</strong></span> <span class='ocrx_word' id='word_1_379' title='bbox 994 3497 1174 3564; x_wconf 88' lang='lat' dir='ltr'><strong>Homerum</strong></span> <span class='ocrx_word' id='word_1_380' title='bbox 1196 3519 1307 3585; x_wconf 89' lang='lat' dir='ltr'><strong>saepe,</strong></span> <span class='ocrx_word' id='word_1_381' title='bbox 1330 3495 1427 3562; x_wconf 90' lang='lat' dir='ltr'><strong>modo</strong></span> <span class='ocrx_word' id='word_1_382' title='bbox 1449 3517 1628 3584; x_wconf 89' lang='lat' dir='ltr'><strong>pronomen</strong></span> <span class='ocrx_word' id='word_1_383' title='bbox 1642 3493 1787 3562; x_wconf 91' lang='lat' dir='ltr'><strong>Doribus</strong></span> <span class='ocrx_word' id='word_1_384' title='bbox 1809 3497 1977 3584; x_wconf 89' lang='lat' dir='ltr'><strong>proprium</strong></span> <span class='ocrx_word' id='word_1_385' title='bbox 1999 3495 2155 3566; x_wconf 85' lang='grc' dir='ltr'><strong>αῦταυτοῦ</strong></span> 
     </span>
     <span class='ocr_line' id='line_1_30' title="bbox 353 3597 2152 3692; baseline 0 -24"><span class='ocrx_word' id='word_1_386' title='bbox 353 3601 466 3692; x_wconf 85' lang='lat' dir='ltr'><strong>(Diall.</strong></span> <span class='ocrx_word' id='word_1_387' title='bbox 487 3603 520 3668; x_wconf 91' lang='lat'><strong>11</strong></span> <span class='ocrx_word' id='word_1_388' title='bbox 542 3605 573 3688; x_wconf 84' lang='lat'><strong>§.</strong></span> <span class='ocrx_word' id='word_1_389' title='bbox 594 3603 645 3686; x_wconf 87' lang='grc'><strong>33,</strong></span> <span class='ocrx_word' id='word_1_390' title='bbox 667 3603 713 3690; x_wconf 80' lang='lat'><strong>5).</strong></span> <span class='ocrx_word' id='word_1_391' title='bbox 756 3601 873 3688; x_wconf 87' lang='lat' dir='ltr'><strong>Neque</strong></span> <span class='ocrx_word' id='word_1_392' title='bbox 894 3601 999 3688; x_wconf 87' lang='lat' dir='ltr'><strong>magis</strong></span> <span class='ocrx_word' id='word_1_393' title='bbox 1020 3609 1139 3688; x_wconf 73' lang='lat' dir='ltr'><strong>poetae</strong></span> <span class='ocrx_word' id='word_1_394' title='bbox 1160 3599 1276 3682; x_wconf 81' lang='lat' dir='ltr'><strong>melici,</strong></span> <span class='ocrx_word' id='word_1_395' title='bbox 1299 3601 1364 3688; x_wconf 90' lang='lat' dir='ltr'><strong>qui,</strong></span> <span class='ocrx_word' id='word_1_396' title='bbox 1393 3621 1493 3686; x_wconf 90' lang='lat' dir='ltr'><strong>quum</strong></span> <span class='ocrx_word' id='word_1_397' title='bbox 1514 3597 1615 3684; x_wconf 88' lang='lat' dir='ltr'><strong>vulgo</strong></span> <span class='ocrx_word' id='word_1_398' title='bbox 1637 3597 1751 3664; x_wconf 89' lang='lat' dir='ltr'><strong>Dorici</strong></span> <span class='ocrx_word' id='word_1_399' title='bbox 1773 3597 1931 3686; x_wconf 82' lang='lat' dir='ltr'><strong>dicantur,</strong></span> <span class='ocrx_word' id='word_1_400' title='bbox 1954 3602 2063 3687; x_wconf 87' lang='lat' dir='ltr'><strong>potius</strong></span> <span class='ocrx_word' id='word_1_401' title='bbox 2086 3601 2152 3668; x_wconf 89' lang='lat' dir='ltr'><strong>dia·</strong></span> 
     </span>
     <span class='ocr_line' id='line_1_31' title="bbox 353 3699 2153 3791; baseline -0.001 -20"><span class='ocrx_word' id='word_1_402' title='bbox 353 3707 472 3772; x_wconf 90' lang='lat' dir='ltr'><strong>lectum</strong></span> <span class='ocrx_word' id='word_1_403' title='bbox 504 3707 595 3771; x_wconf 87' lang='lat' dir='ltr'><strong>varie</strong></span> <span class='ocrx_word' id='word_1_404' title='bbox 626 3713 841 3791; x_wconf 88' lang='lat' dir='ltr'><strong>temperatam</strong></span> <span class='ocrx_word' id='word_1_405' title='bbox 867 3702 1006 3787; x_wconf 87' lang='lat' dir='ltr'><strong>habent,</strong></span> <span class='ocrx_word' id='word_1_406' title='bbox 1040 3702 1103 3768; x_wconf 88' lang='lat' dir='ltr'><strong>illis</strong></span> <span class='ocrx_word' id='word_1_407' title='bbox 1132 3701 1299 3768; x_wconf 81' lang='lat' dir='ltr'><strong>reflexivis</strong></span> <span class='ocrx_word' id='word_1_408' title='bbox 1328 3703 1380 3768; x_wconf 92' lang='lat' dir='ltr'><strong>usi</strong></span> <span class='ocrx_word' id='word_1_409' title='bbox 1409 3723 1483 3770; x_wconf 87' lang='lat' dir='ltr'><strong>esse</strong></span> <span class='ocrx_word' id='word_1_410' title='bbox 1511 3701 1675 3770; x_wconf 87' lang='lat' dir='ltr'><strong>videntur.</strong></span> <span class='ocrx_word' id='word_1_411' title='bbox 1726 3699 1824 3790; x_wconf 86' lang='lat' dir='ltr'><strong>Apud</strong></span> <span class='ocrx_word' id='word_1_412' title='bbox 1850 3701 2028 3769; x_wconf 89' lang='lat' dir='ltr'><strong>Pindarum</strong></span> <span class='ocrx_word' id='word_1_413' title='bbox 2053 3726 2153 3770; x_wconf 88' lang='lat' dir='ltr'><strong>unum</strong></span> 
     </span>
     <span class='ocr_line' id='line_1_32' title="bbox 354 3801 2155 3896; baseline -0.002 -20"><span class='ocrx_word' id='word_1_414' title='bbox 354 3807 541 3896; x_wconf 88' lang='lat' dir='ltr'><strong>exemplum</strong></span> <span class='ocrx_word' id='word_1_415' title='bbox 562 3809 683 3894; x_wconf 87' lang='lat' dir='ltr'><strong>legitur</strong></span> <span class='ocrx_word' id='word_1_416' title='bbox 703 3808 742 3876; x_wconf 86' lang='lat' dir='ltr'><strong>fr.</strong></span> <span class='ocrx_word' id='word_1_417' title='bbox 758 3807 799 3871; x_wconf 79' lang='lat'><strong>74</strong></span> <span class='ocrx_word' id='word_1_418' title='bbox 821 3827 863 3871; x_wconf 85' lang='lat' dir='ltr'><strong>ex</strong></span> <span class='ocrx_word' id='word_1_419' title='bbox 886 3801 1006 3876; x_wconf 89' lang='lat' dir='ltr'><strong>Scholl.</strong></span> <span class='ocrx_word' id='word_1_420' title='bbox 1022 3805 1163 3874; x_wconf 84' lang='lat' dir='ltr'><strong>Theocr.</strong></span> <span class='ocrx_word' id='word_1_421' title='bbox 1177 3804 1204 3889; x_wconf 91' lang='grc' dir='ltr'><strong>Ι,</strong></span> <span class='ocrx_word' id='word_1_422' title='bbox 1219 3805 1249 3882; x_wconf 88' lang='grc'><strong>3,</strong></span> <span class='ocrx_word' id='word_1_423' title='bbox 1270 3803 1329 3869; x_wconf 91' lang='lat' dir='ltr'><strong>ubi</strong></span> <span class='ocrx_word' id='word_1_424' title='bbox 1350 3804 1450 3892; x_wconf 85' lang='lat' dir='ltr'><strong>vulgo</strong></span> <span class='ocrx_word' id='word_1_425' title='bbox 1472 3803 1528 3890; x_wconf 77' lang='lat' dir='ltr'><strong>„sd</strong></span> <span class='ocrx_word' id='word_1_426' title='bbox 1551 3809 1669 3871; x_wconf 87' lang='grc' dir='ltr'><strong>σαυτοῦ</strong></span> <span class='ocrx_word' id='word_1_427' title='bbox 1691 3804 1783 3886; x_wconf 77' lang='grc' dir='ltr'><strong>μέλος</strong></span> <span class='ocrx_word' id='word_1_428' title='bbox 1802 3803 1942 3888; x_wconf 77' lang='grc' dir='ltr'><strong>γλῦζεις“</strong></span> <span class='ocrx_word' id='word_1_429' title='bbox 1963 3827 2036 3870; x_wconf 90' lang='lat' dir='ltr'><strong>curn</strong></span> <span class='ocrx_word' id='word_1_430' title='bbox 2058 3806 2155 3873; x_wconf 83' lang='lat' dir='ltr'><strong>inter-</strong></span> 
     </span>
     <span class='ocr_line' id='line_1_33' title="bbox 352 3905 2155 4000; baseline -0.001 -23"><span class='ocrx_word' id='word_1_431' title='bbox 352 3913 535 4000; x_wconf 86' lang='lat' dir='ltr'><strong>pretatione</strong></span> <span class='ocrx_word' id='word_1_432' title='bbox 557 3912 657 3998; x_wconf 72' lang='grc' dir='ltr'><strong>ἑαυτῷ</strong></span> <span class='ocrx_word' id='word_1_433' title='bbox 679 3908 764 3998; x_wconf 80' lang='grc' dir='ltr'><strong>ᾠδὴν</strong></span> <span class='ocrx_word' id='word_1_434' title='bbox 785 3905 880 3996; x_wconf 77' lang='grc' dir='ltr'><strong>ᾄδεις,</strong></span> <span class='ocrx_word' id='word_1_435' title='bbox 903 3929 1003 3996; x_wconf 91' lang='lat' dir='ltr'><strong>quum</strong></span> <span class='ocrx_word' id='word_1_436' title='bbox 1024 3909 1057 3974; x_wconf 93' lang='lat' dir='ltr'><strong>in</strong></span> <span class='ocrx_word' id='word_1_437' title='bbox 1079 3905 1194 3972; x_wconf 90' lang='lat' dir='ltr'><strong>codice</strong></span> <span class='ocrx_word' id='word_1_438' title='bbox 1216 3905 1250 3975; x_wconf 85' lang='lat' dir='ltr'><strong>lr.</strong></span> <span class='ocrx_word' id='word_1_439' title='bbox 1280 3907 1350 3995; x_wconf 92' lang='lat' dir='ltr'><strong>(qui</strong></span> <span class='ocrx_word' id='word_1_440' title='bbox 1372 3909 1405 3972; x_wconf 93' lang='lat' dir='ltr'><strong>in</strong></span> <span class='ocrx_word' id='word_1_441' title='bbox 1434 3907 1566 3973; x_wconf 89' lang='lat' dir='ltr'><strong>scholiis</strong></span> <span class='ocrx_word' id='word_1_442' title='bbox 1587 3905 1676 3972; x_wconf 90' lang='lat' dir='ltr'><strong>haud</strong></span> <span class='ocrx_word' id='word_1_443' title='bbox 1697 3927 1771 3972; x_wconf 89' lang='lat' dir='ltr'><strong>raro</strong></span> <span class='ocrx_word' id='word_1_444' title='bbox 1793 3905 1864 3974; x_wconf 88' lang='lat' dir='ltr'><strong>aliis</strong></span> <span class='ocrx_word' id='word_1_445' title='bbox 1885 3907 2033 3994; x_wconf 82' lang='lat' dir='ltr'><strong>inferior)</strong></span> <span class='ocrx_word' id='word_1_446' title='bbox 2055 3909 2098 3974; x_wconf 89' lang='lat' dir='ltr'><strong>sit</strong></span> <span class='ocrx_word' id='word_1_447' title='bbox 2118 3910 2155 3976; x_wconf 87' lang='grc' dir='ltr'>τό</span> 
     </span>
     <span class='ocr_line' id='line_1_34' title="bbox 354 3999 2154 4104; baseline 0.001 -23"><span class='ocrx_word' id='word_1_448' title='bbox 354 4017 485 4100; x_wconf 71' lang='grc' dir='ltr'><strong>ἑαυτοῦ,</strong></span> <span class='ocrx_word' id='word_1_449' title='bbox 517 4015 550 4104; x_wconf 85' lang='lat' dir='ltr'><strong>in</strong></span> <span class='ocrx_word' id='word_1_450' title='bbox 579 4013 609 4082; x_wconf 84' lang='lat'><strong>5.</strong></span> <span class='ocrx_word' id='word_1_451' title='bbox 630 4013 707 4080; x_wconf 91' lang='lat' dir='ltr'><strong>Bar.</strong></span> <span class='ocrx_word' id='word_1_452' title='bbox 733 4009 881 4095; x_wconf 80' lang='grc' dir='ltr'><strong>τοσαῦτα,</strong></span> <span class='ocrx_word' id='word_1_453' title='bbox 909 4011 943 4076; x_wconf 92' lang='lat' dir='ltr'><strong>iu</strong></span> <span class='ocrx_word' id='word_1_454' title='bbox 972 4009 1081 4078; x_wconf 73' lang='lat' dir='ltr'><strong>Gen.l</strong></span> <span class='ocrx_word' id='word_1_455' title='bbox 1109 4007 1168 4087; x_wconf 81' lang='grc' dir='ltr'><strong>τὰς</strong></span> <span class='ocrx_word' id='word_1_456' title='bbox 1196 3999 1306 4095; x_wconf 76' lang='lat' dir='ltr'><strong>miani,¹</strong></span> <span class='ocrx_word' id='word_1_457' title='bbox 1341 4021 1377 4076; x_wconf 93' lang='lat' dir='ltr'><strong>ut</strong></span> <span class='ocrx_word' id='word_1_458' title='bbox 1402 4019 1561 4098; x_wconf 89' lang='lat' dir='ltr'><strong>appareat</strong></span> <span class='ocrx_word' id='word_1_459' title='bbox 1588 4009 1762 4078; x_wconf 89' lang='lat' dir='ltr'><strong>lectionem</strong></span> <span class='ocrx_word' id='word_1_460' title='bbox 1789 4009 2040 4076; x_wconf 88' lang='lat' dir='ltr'><strong>incertissimam</strong></span> <span class='ocrx_word' id='word_1_461' title='bbox 2070 4033 2154 4082; x_wconf 88' lang='lat' dir='ltr'><strong>esse.</strong></span> 
     </span>
     <span class='ocr_line' id='line_1_35' title="bbox 353 4110 2155 4204; baseline 0.001 -20"><span class='ocrx_word' id='word_1_462' title='bbox 353 4115 511 4204; x_wconf 87' lang='lat' dir='ltr'><strong>Suspicor</strong></span> <span class='ocrx_word' id='word_1_463' title='bbox 537 4137 623 4182; x_wconf 90' lang='lat' dir='ltr'><strong>nunc</strong></span> <span class='ocrx_word' id='word_1_464' title='bbox 650 4113 827 4182; x_wconf 87' lang='lat' dir='ltr'><strong>Pindarum</strong></span> <span class='ocrx_word' id='word_1_465' title='bbox 854 4113 986 4180; x_wconf 90' lang='lat' dir='ltr'><strong>dedisse</strong></span> <span class='ocrx_word' id='word_1_466' title='bbox 1013 4123 1083 4192; x_wconf 84' lang='grc' dir='ltr'><strong>τοῖς</strong></span> <span class='ocrx_word' id='word_1_467' title='bbox 1110 4110 1207 4180; x_wconf 77' lang='grc' dir='ltr'><strong>αὐτοῦ</strong></span> <span class='ocrx_word' id='word_1_468' title='bbox 1234 4119 1311 4177; x_wconf 90' lang='lat' dir='ltr'><strong>noto</strong></span> <span class='ocrx_word' id='word_1_469' title='bbox 1340 4135 1463 4200; x_wconf 89' lang='lat' dir='ltr'><strong>genere</strong></span> <span class='ocrx_word' id='word_1_470' title='bbox 1491 4111 1802 4198; x_wconf 86' lang='lat' dir='ltr'><strong>circumscriptionis</strong></span> <span class='ocrx_word' id='word_1_471' title='bbox 1830 4133 1909 4178; x_wconf 91' lang='lat' dir='ltr'><strong>usus</strong></span> <span class='ocrx_word' id='word_1_472' title='bbox 1936 4133 1996 4200; x_wconf 91' lang='lat' dir='ltr'><strong>pro</strong></span> <span class='ocrx_word' id='word_1_473' title='bbox 2025 4121 2155 4204; x_wconf 83' lang='grc' dir='ltr'><strong>σεαυτῷ.</strong></span> 
     </span>
     <span class='ocr_line' id='line_1_36' title="bbox 354 4213 2154 4308; baseline 0.001 -22"><span class='ocrx_word' id='word_1_474' title='bbox 354 4221 471 4308; x_wconf 87' lang='lat' dir='ltr'><strong>Neque</strong></span> <span class='ocrx_word' id='word_1_475' title='bbox 494 4220 528 4284; x_wconf 90' lang='lat' dir='ltr'><strong>in</strong></span> <span class='ocrx_word' id='word_1_476' title='bbox 547 4217 683 4306; x_wconf 88' lang='lat' dir='ltr'><strong>reliquis</strong></span> <span class='ocrx_word' id='word_1_477' title='bbox 705 4220 777 4306; x_wconf 89' lang='lat' dir='ltr'><strong>ejus</strong></span> <span class='ocrx_word' id='word_1_478' title='bbox 799 4220 930 4306; x_wconf 87' lang='lat' dir='ltr'><strong>generis</strong></span> <span class='ocrx_word' id='word_1_479' title='bbox 953 4215 1100 4305; x_wconf 88' lang='lat' dir='ltr'><strong>reliquiis</strong></span> <span class='ocrx_word' id='word_1_480' title='bbox 1125 4217 1238 4305; x_wconf 83' lang='lat' dir='ltr'><strong>lyricis</strong></span> <span class='ocrx_word' id='word_1_481' title='bbox 1260 4215 1419 4284; x_wconf 81' lang='lat' dir='ltr'><strong>reflexiva</strong></span> <span class='ocrx_word' id='word_1_482' title='bbox 1439 4215 1494 4284; x_wconf 91' lang='lat' dir='ltr'><strong>vel</strong></span> <span class='ocrx_word' id='word_1_483' title='bbox 1519 4215 1673 4303; x_wconf 84' lang='lat' dir='ltr'><strong>synthete</strong></span> <span class='ocrx_word' id='word_1_484' title='bbox 1694 4213 1748 4282; x_wconf 88' lang='lat' dir='ltr'><strong>vel</strong></span> <span class='ocrx_word' id='word_1_485' title='bbox 1768 4215 1940 4303; x_wconf 85' lang='lat' dir='ltr'><strong>paratheta</strong></span> <span class='ocrx_word' id='word_1_486' title='bbox 1960 4218 2154 4308; x_wconf 58' lang='lat' dir='ltr'><strong>invenior).</strong></span> 
     </span>
    </p>
   </div>
   <div class='ocr_carea' id='block_1_3' title="bbox 354 4519 2159 5338">
    <p class='ocr_par' dir='ltr' id='par_1_3' title="bbox 354 4519 2156 4967">
     <span class='ocr_line' id='line_1_37' title="bbox 354 4519 2154 4600; baseline 0.001 -18"><span class='ocrx_word' id='word_1_487' title='bbox 354 4531 399 4582; x_wconf 82' lang='lat' dir='ltr'><strong>rel</strong></span> <span class='ocrx_word' id='word_1_488' title='bbox 417 4531 528 4586; x_wconf 78' lang='lat' dir='ltr'><strong>dialecti</strong></span> <span class='ocrx_word' id='word_1_489' title='bbox 546 4531 652 4584; x_wconf 86' lang='grc' dir='ltr'><strong>ιιοιαίαε</strong></span> <span class='ocrx_word' id='word_1_490' title='bbox 671 4535 824 4598; x_wconf 79' lang='lat' dir='ltr'><strong>suspectam</strong></span> <span class='ocrx_word' id='word_1_491' title='bbox 845 4533 895 4593; x_wconf 80' lang='lat' dir='ltr'><strong>est,</strong></span> <span class='ocrx_word' id='word_1_492' title='bbox 922 4545 991 4596; x_wconf 80' lang='lat' dir='ltr'><strong>quas</strong></span> <span class='ocrx_word' id='word_1_493' title='bbox 1016 4524 1135 4598; x_wconf 74' lang='grc' dir='ltr'><strong>πεδέχωυ</strong></span> <span class='ocrx_word' id='word_1_494' title='bbox 1157 4529 1313 4598; x_wconf 75' lang='lat' dir='ltr'><strong>postularet.</strong></span> <span class='ocrx_word' id='word_1_495' title='bbox 1342 4519 1417 4598; x_wconf 72' lang='grc' dir='ltr'><strong>’Δβα</strong></span> <span class='ocrx_word' id='word_1_496' title='bbox 1436 4547 1468 4574; x_wconf 77' lang='lat'><strong>==</strong></span> <span class='ocrx_word' id='word_1_497' title='bbox 1488 4519 1542 4598; x_wconf 79' lang='grc' dir='ltr'><strong>ἥβη</strong></span> <span class='ocrx_word' id='word_1_498' title='bbox 1568 4534 1610 4580; x_wconf 89' lang='lat' dir='ltr'><strong>est</strong></span> <span class='ocrx_word' id='word_1_499' title='bbox 1627 4525 1763 4580; x_wconf 70' lang='lat' dir='ltr'><strong>attractio</strong></span> <span class='ocrx_word' id='word_1_500' title='bbox 1787 4523 1933 4580; x_wconf 59' lang='lat' dir='ltr'><strong>condentis</strong></span> <span class='ocrx_word' id='word_1_501' title='bbox 1956 4535 1988 4581; x_wconf 85' lang='lat' dir='ltr'><strong>nt</strong></span> <span class='ocrx_word' id='word_1_502' title='bbox 2003 4519 2058 4600; x_wconf 80' lang='grc' dir='ltr'><strong>ἥβη</strong></span> <span class='ocrx_word' id='word_1_503' title='bbox 2077 4529 2154 4583; x_wconf 73' lang='lat' dir='ltr'><strong>rint.</strong></span> 
     </span>
     <span class='ocr_line' id='line_1_38' title="bbox 354 4613 2154 4693; baseline 0 -19"><span class='ocrx_word' id='word_1_504' title='bbox 354 4621 385 4674; x_wconf 89' lang='lat' dir='ltr'><strong>P.</strong></span> <span class='ocrx_word' id='word_1_505' title='bbox 404 4624 429 4688; x_wconf 88' lang='grc'><strong>4,</strong></span> <span class='ocrx_word' id='word_1_506' title='bbox 448 4625 512 4678; x_wconf 77' lang='grc'><strong>191.</strong></span> <span class='ocrx_word' id='word_1_507' title='bbox 537 4625 600 4676; x_wconf 76' lang='lat' dir='ltr'><strong>Eur.</strong></span> <span class='ocrx_word' id='word_1_508' title='bbox 620 4622 697 4689; x_wconf 70' lang='lat' dir='ltr'><strong>cycl.</strong></span> <span class='ocrx_word' id='word_1_509' title='bbox 717 4621 786 4686; x_wconf 69' lang='lat' dir='ltr'><strong>⁶th</strong></span> <span class='ocrx_word' id='word_1_510' title='bbox 812 4616 879 4693; x_wconf 76' lang='grc' dir='ltr'><strong>μέτρ’</strong></span> <span class='ocrx_word' id='word_1_511' title='bbox 906 4618 974 4691; x_wconf 80' lang='grc' dir='ltr'><strong>ἔχων</strong></span> <span class='ocrx_word' id='word_1_512' title='bbox 998 4613 1069 4692; x_wconf 78' lang='grc' dir='ltr'><strong>ἄβος</strong></span> <span class='ocrx_word' id='word_1_513' title='bbox 1093 4619 1194 4673; x_wconf 84' lang='lat' dir='ltr'><strong>dictum</strong></span> <span class='ocrx_word' id='word_1_514' title='bbox 1219 4625 1251 4673; x_wconf 87' lang='lat' dir='ltr'><strong>nt</strong></span> <span class='ocrx_word' id='word_1_515' title='bbox 1267 4619 1389 4688; x_wconf 82' lang='lat' dir='ltr'><strong>Theogn.</strong></span> <span class='ocrx_word' id='word_1_516' title='bbox 1408 4621 1462 4671; x_wconf 79' lang='grc'><strong>416</strong></span> <span class='ocrx_word' id='word_1_517' title='bbox 1489 4617 1584 4692; x_wconf 78' lang='grc' dir='ltr'><strong>μέτρου</strong></span> <span class='ocrx_word' id='word_1_518' title='bbox 1605 4614 1656 4690; x_wconf 68' lang='grc' dir='ltr'><strong>γὰρ</strong></span> <span class='ocrx_word' id='word_1_519' title='bbox 1675 4616 1738 4688; x_wconf 66' lang='grc' dir='ltr'><strong>ἔχει,</strong></span> <span class='ocrx_word' id='word_1_520' title='bbox 1753 4615 1893 4688; x_wconf 75' lang='grc' dir='ltr'><strong>μελιηδέος</strong></span> <span class='ocrx_word' id='word_1_521' title='bbox 1911 4617 1994 4690; x_wconf 77' lang='grc' dir='ltr'><strong>οἴνου,</strong></span> <span class='ocrx_word' id='word_1_522' title='bbox 2021 4622 2055 4674; x_wconf 79' lang='lat' dir='ltr'><strong>ct&#39;.</strong></span> <span class='ocrx_word' id='word_1_523' title='bbox 2073 4623 2154 4674; x_wconf 76' lang='lat' dir='ltr'><strong>Anth.</strong></span> 
     </span>
     <span class='ocr_line' id='line_1_39' title="bbox 355 4705 2156 4787; baseline -0.001 -22"><span class='ocrx_word' id='word_1_524' title='bbox 355 4713 413 4766; x_wconf 85' lang='lat' dir='ltr'><strong>Pal.</strong></span> <span class='ocrx_word' id='word_1_525' title='bbox 432 4715 495 4780; x_wconf 81' lang='lat' dir='ltr'><strong>rm,</strong></span> <span class='ocrx_word' id='word_1_526' title='bbox 514 4717 566 4768; x_wconf 81' lang='grc'><strong>199</strong></span> <span class='ocrx_word' id='word_1_527' title='bbox 591 4707 683 4787; x_wconf 73' lang='grc' dir='ltr'><strong>ἄρκιον</strong></span> <span class='ocrx_word' id='word_1_528' title='bbox 710 4705 764 4784; x_wconf 76' lang='grc' dir='ltr'><strong>ἤδη</strong></span> <span class='ocrx_word' id='word_1_529' title='bbox 790 4729 836 4784; x_wconf 89' lang='grc' dir='ltr'><strong>μοι</strong></span> <span class='ocrx_word' id='word_1_530' title='bbox 859 4707 956 4776; x_wconf 82' lang='grc' dir='ltr'><strong>πόσιος</strong></span> <span class='ocrx_word' id='word_1_531' title='bbox 980 4709 1083 4784; x_wconf 74' lang='grc' dir='ltr'><strong>μέτρου.</strong></span> <span class='ocrx_word' id='word_1_532' title='bbox 1125 4711 1251 4780; x_wconf 83' lang='lat' dir='ltr'><strong>Intellige</strong></span> <span class='ocrx_word' id='word_1_533' title='bbox 1270 4715 1352 4780; x_wconf 83' lang='lat' dir='ltr'><strong>igitur</strong></span> <span class='ocrx_word' id='word_1_534' title='bbox 1377 4711 1440 4782; x_wconf 86' lang='lat' dir='ltr'><strong>„uhi</strong></span> <span class='ocrx_word' id='word_1_535' title='bbox 1465 4712 1515 4763; x_wconf 87' lang='lat' dir='ltr'><strong>tibi</strong></span> <span class='ocrx_word' id='word_1_536' title='bbox 1533 4713 1600 4764; x_wconf 81' lang='lat' dir='ltr'><strong>satis</strong></span> <span class='ocrx_word' id='word_1_537' title='bbox 1614 4711 1758 4778; x_wconf 77' lang='lat' dir='ltr'><strong>voluptatis</strong></span> <span class='ocrx_word' id='word_1_538' title='bbox 1775 4713 1954 4780; x_wconf 81' lang='lat' dir='ltr'><strong>perceperis“.</strong></span> <span class='ocrx_word' id='word_1_539' title='bbox 1991 4713 2033 4765; x_wconf 83' lang='lat' dir='ltr'><strong>Ad</strong></span> <span class='ocrx_word' id='word_1_540' title='bbox 2052 4713 2156 4781; x_wconf 82' lang='lat' dir='ltr'><strong>reliqua</strong></span> 
     </span>
     <span class='ocr_line' id='line_1_40' title="bbox 355 4795 2154 4877; baseline 0.001 -21"><span class='ocrx_word' id='word_1_541' title='bbox 355 4805 447 4858; x_wconf 73' lang='lat' dir='ltr'><strong>contar</strong></span> <span class='ocrx_word' id='word_1_542' title='bbox 464 4805 573 4860; x_wconf 71' lang='lat' dir='ltr'><strong>critiam</strong></span> <span class='ocrx_word' id='word_1_543' title='bbox 591 4809 620 4859; x_wconf 87' lang='lat' dir='ltr'><strong>in</strong></span> <span class='ocrx_word' id='word_1_544' title='bbox 639 4808 726 4874; x_wconf 81' lang='lat' dir='ltr'><strong>elcgts</strong></span> <span class='ocrx_word' id='word_1_545' title='bbox 745 4809 840 4858; x_wconf 77' lang='lat' dir='ltr'><strong>contra</strong></span> <span class='ocrx_word' id='word_1_546' title='bbox 857 4806 1059 4874; x_wconf 73' lang='lat' dir='ltr'><strong>propinationes</strong></span> <span class='ocrx_word' id='word_1_547' title='bbox 1080 4795 1147 4877; x_wconf 71' lang='lat' dir='ltr'><strong>iniq</strong></span> <span class='ocrx_word' id='word_1_548' title='bbox 1164 4799 1197 4857; x_wconf 83' lang='grc' dir='ltr'><strong>τὸ</strong></span> <span class='ocrx_word' id='word_1_549' title='bbox 1216 4800 1311 4876; x_wconf 64' lang='grc' dir='ltr'><strong>μέτρου</strong></span> <span class='ocrx_word' id='word_1_550' title='bbox 1328 4803 1497 4856; x_wconf 81' lang='lat' dir='ltr'><strong>invehentem</strong></span> <span class='ocrx_word' id='word_1_551' title='bbox 1515 4803 1547 4854; x_wconf 78' lang='lat' dir='ltr'><strong>tr.</strong></span> <span class='ocrx_word' id='word_1_552' title='bbox 1566 4803 1592 4868; x_wconf 71' lang='grc'><strong>1,</strong></span> <span class='ocrx_word' id='word_1_553' title='bbox 1610 4805 1637 4854; x_wconf 82' lang='lat'><strong>8.</strong></span> <span class='ocrx_word' id='word_1_554' title='bbox 1657 4803 1691 4852; x_wconf 77' lang='lat'><strong>2³</strong></span> <span class='ocrx_word' id='word_1_555' title='bbox 1718 4807 1746 4854; x_wconf 87' lang='lat' dir='ltr'><strong>et</strong></span> <span class='ocrx_word' id='word_1_556' title='bbox 1767 4801 1933 4872; x_wconf 79' lang='lat' dir='ltr'><strong>&#39;l&#39;lrsognidir</strong></span> <span class='ocrx_word' id='word_1_557' title='bbox 1951 4804 2066 4873; x_wconf 81' lang='lat' dir='ltr'><strong>elegiam</strong></span> <span class='ocrx_word' id='word_1_558' title='bbox 2085 4821 2154 4872; x_wconf 79' lang='lat' dir='ltr'><strong>sym·</strong></span> 
     </span>
     <span class='ocr_line' id='line_1_41' title="bbox 354 4895 1711 4967; baseline -0.002 -17"><span class='ocrx_word' id='word_1_559' title='bbox 354 4899 490 4966; x_wconf 74' lang='lat' dir='ltr'><strong>portacent</strong></span> <span class='ocrx_word' id='word_1_560' title='bbox 507 4913 546 4950; x_wconf 83' lang='lat' dir='ltr'><strong>vr.</strong></span> <span class='ocrx_word' id='word_1_561' title='bbox 565 4900 619 4950; x_wconf 72' lang='lat'><strong>4⁷5</strong></span> <span class='ocrx_word' id='word_1_562' title='bbox 636 4915 712 4967; x_wconf 78' lang='lat' dir='ltr'><strong>seqq</strong></span> <span class='ocrx_word' id='word_1_563' title='bbox 749 4897 864 4950; x_wconf 68' lang='lat' dir='ltr'><strong>usuum</strong></span> <span class='ocrx_word' id='word_1_564' title='bbox 882 4901 925 4949; x_wconf 84' lang='lat' dir='ltr'><strong>ast</strong></span> <span class='ocrx_word' id='word_1_565' title='bbox 941 4897 1105 4964; x_wconf 68' lang='lat' dir='ltr'><strong>sapphicum</strong></span> <span class='ocrx_word' id='word_1_566' title='bbox 1123 4898 1199 4948; x_wconf 75' lang='lat' dir='ltr'><strong>atla</strong></span> <span class='ocrx_word' id='word_1_567' title='bbox 1218 4897 1327 4966; x_wconf 79' lang='lat' dir='ltr'><strong>stropha</strong></span> <span class='ocrx_word' id='word_1_568' title='bbox 1344 4899 1408 4949; x_wconf 83' lang='lat' dir='ltr'><strong>item</strong></span> <span class='ocrx_word' id='word_1_569' title='bbox 1426 4897 1597 4964; x_wconf 69' lang='lat' dir='ltr'><strong>symposium</strong></span> <span class='ocrx_word' id='word_1_570' title='bbox 1614 4895 1646 4946; x_wconf 82' lang='lat' dir='ltr'><strong>fr.</strong></span> <span class='ocrx_word' id='word_1_571' title='bbox 1665 4895 1711 4947; x_wconf 79' lang='grc'><strong>116.</strong></span> 
     </span>
    </p>

    <p class='ocr_par' dir='ltr' id='par_1_4' title="bbox 355 4970 2157 5150">
     <span class='ocr_line' id='line_1_42' title="bbox 466 4970 2157 5060; baseline 0.001 -20"><span class='ocrx_word' id='word_1_572' title='bbox 466 4987 512 5057; x_wconf 80' lang='grc'><strong>14)</strong></span> <span class='ocrx_word' id='word_1_573' title='bbox 531 4989 629 5042; x_wconf 71' lang='lat' dir='ltr'><strong>Anser.</strong></span> <span class='ocrx_word' id='word_1_574' title='bbox 650 4992 683 5044; x_wconf 83' lang='lat' dir='ltr'><strong>tr.</strong></span> <span class='ocrx_word' id='word_1_575' title='bbox 702 4992 736 5042; x_wconf 86' lang='lat' dir='ltr'><strong>os</strong></span> <span class='ocrx_word' id='word_1_576' title='bbox 762 5007 780 5042; x_wconf 83' lang='lat' dir='ltr'><strong>a</strong></span> <span class='ocrx_word' id='word_1_577' title='bbox 797 4989 917 5056; x_wconf 84' lang='lat' dir='ltr'><strong>Bargkio</strong></span> <span class='ocrx_word' id='word_1_578' title='bbox 942 4990 1070 5056; x_wconf 78' lang='lat' dir='ltr'><strong>scriptam</strong></span> <span class='ocrx_word' id='word_1_579' title='bbox 1095 4995 1137 5042; x_wconf 79' lang='lat' dir='ltr'><strong>est</strong></span> <span class='ocrx_word' id='word_1_580' title='bbox 1159 4983 1271 5059; x_wconf 75' lang='grc' dir='ltr'><strong>χθόνιον</strong></span> <span class='ocrx_word' id='word_1_581' title='bbox 1295 4981 1317 5040; x_wconf 77' lang='lat' dir='ltr'><strong>b&#39;</strong></span> <span class='ocrx_word' id='word_1_582' title='bbox 1338 4981 1453 5059; x_wconf 65' lang='grc' dir='ltr'><strong>ἐμαυτὸν</strong></span> <span class='ocrx_word' id='word_1_583' title='bbox 1475 4970 1549 5060; x_wconf 68' lang='grc' dir='ltr'><strong>ἦσαν.</strong></span> <span class='ocrx_word' id='word_1_584' title='bbox 1592 4983 1650 5040; x_wconf 78' lang='lat' dir='ltr'><strong>uus</strong></span> <span class='ocrx_word' id='word_1_585' title='bbox 1674 4987 1782 5054; x_wconf 79' lang='lat' dir='ltr'><strong>gravius</strong></span> <span class='ocrx_word' id='word_1_586' title='bbox 1805 4983 1898 5040; x_wconf 75' lang='lat' dir='ltr'><strong>vienn</strong></span> <span class='ocrx_word' id='word_1_587' title='bbox 1922 4988 2006 5042; x_wconf 79' lang='lat' dir='ltr'><strong>latere</strong></span> <span class='ocrx_word' id='word_1_588' title='bbox 2023 4987 2157 5056; x_wconf 79' lang='lat' dir='ltr'><strong>Bergh’ns</strong></span> 
     </span>
     <span class='ocr_line' id='line_1_43' title="bbox 355 5073 1888 5150; baseline -0.001 -15"><span class='ocrx_word' id='word_1_589' title='bbox 355 5087 429 5135; x_wconf 83' lang='lat' dir='ltr'><strong>recte</strong></span> <span class='ocrx_word' id='word_1_590' title='bbox 447 5083 607 5149; x_wconf 83' lang='lat' dir='ltr'><strong>suspicatur,</strong></span> <span class='ocrx_word' id='word_1_591' title='bbox 627 5088 699 5133; x_wconf 81' lang='lat' dir='ltr'><strong>certa</strong></span> <span class='ocrx_word' id='word_1_592' title='bbox 717 5081 910 5136; x_wconf 79' lang='lat' dir='ltr'><strong>restituendum</strong></span> <span class='ocrx_word' id='word_1_593' title='bbox 930 5085 971 5132; x_wconf 84' lang='lat' dir='ltr'><strong>est</strong></span> <span class='ocrx_word' id='word_1_594' title='bbox 988 5074 1025 5150; x_wconf 77' lang='grc' dir='ltr'><strong>ἔμ’</strong></span> <span class='ocrx_word' id='word_1_595' title='bbox 1048 5073 1137 5133; x_wconf 73' lang='lat' dir='ltr'><strong>adada</strong></span> <span class='ocrx_word' id='word_1_596' title='bbox 1177 5081 1311 5144; x_wconf 81' lang='lat' dir='ltr'><strong>Ceterum,</strong></span> <span class='ocrx_word' id='word_1_597' title='bbox 1329 5085 1361 5134; x_wconf 88' lang='lat' dir='ltr'><strong>nt</strong></span> <span class='ocrx_word' id='word_1_598' title='bbox 1378 5079 1479 5132; x_wconf 84' lang='lat' dir='ltr'><strong>editum</strong></span> <span class='ocrx_word' id='word_1_599' title='bbox 1498 5084 1547 5144; x_wconf 74' lang='lat' dir='ltr'><strong>est,</strong></span> <span class='ocrx_word' id='word_1_600' title='bbox 1565 5079 1643 5132; x_wconf 79' lang='lat' dir='ltr'><strong>abest</strong></span> <span class='ocrx_word' id='word_1_601' title='bbox 1660 5079 1734 5132; x_wconf 88' lang='lat' dir='ltr'><strong>notio</strong></span> <span class='ocrx_word' id='word_1_602' title='bbox 1751 5079 1888 5132; x_wconf 75' lang='lat' dir='ltr'><strong>mtlexira.</strong></span> 
     </span>
    </p>

    <p class='ocr_par' dir='ltr' id='par_1_5' title="bbox 357 5169 2159 5338">
     <span class='ocr_line' id='line_1_44' title="bbox 469 5169 2157 5240; baseline 0.001 -16"><span class='ocrx_word' id='word_1_603' title='bbox 469 5173 514 5240; x_wconf 82' lang='lat' dir='ltr'><strong>lt)</strong></span> <span class='ocrx_word' id='word_1_604' title='bbox 534 5171 748 5228; x_wconf 71' lang='lat' dir='ltr'><strong>Commemoratur</strong></span> <span class='ocrx_word' id='word_1_605' title='bbox 766 5181 857 5228; x_wconf 82' lang='lat' dir='ltr'><strong>tamen</strong></span> <span class='ocrx_word' id='word_1_606' title='bbox 876 5173 972 5240; x_wconf 76' lang='lat' dir='ltr'><strong>dignas</strong></span> <span class='ocrx_word' id='word_1_607' title='bbox 991 5179 1033 5226; x_wconf 83' lang='lat' dir='ltr'><strong>est</strong></span> <span class='ocrx_word' id='word_1_608' title='bbox 1049 5173 1145 5224; x_wconf 81' lang='lat' dir='ltr'><strong>incerti</strong></span> <span class='ocrx_word' id='word_1_609' title='bbox 1163 5172 1241 5240; x_wconf 76' lang='lat' dir='ltr'><strong>lyrici</strong></span> <span class='ocrx_word' id='word_1_610' title='bbox 1259 5172 1335 5226; x_wconf 88' lang='lat' dir='ltr'><strong>locus</strong></span> <span class='ocrx_word' id='word_1_611' title='bbox 1347 5171 1447 5240; x_wconf 77' lang='lat' dir='ltr'><strong>Adesp.</strong></span> <span class='ocrx_word' id='word_1_612' title='bbox 1460 5171 1494 5222; x_wconf 85' lang='grc'><strong>41</strong></span> <span class='ocrx_word' id='word_1_613' title='bbox 1514 5171 1585 5238; x_wconf 83' lang='lat' dir='ltr'><strong>Bglr.</strong></span> <span class='ocrx_word' id='word_1_614' title='bbox 1595 5171 1629 5222; x_wconf 85' lang='lat' dir='ltr'><strong>ab</strong></span> <span class='ocrx_word' id='word_1_615' title='bbox 1647 5171 1791 5240; x_wconf 75' lang='lat' dir='ltr'><strong>Apollonio</strong></span> <span class='ocrx_word' id='word_1_616' title='bbox 1810 5170 1845 5222; x_wconf 87' lang='lat' dir='ltr'><strong>de</strong></span> <span class='ocrx_word' id='word_1_617' title='bbox 1864 5187 1904 5239; x_wconf 86' lang='lat' dir='ltr'><strong>pr.</strong></span> <span class='ocrx_word' id='word_1_618' title='bbox 1925 5169 1969 5222; x_wconf 82' lang='grc'><strong>118.</strong></span> <span class='ocrx_word' id='word_1_619' title='bbox 1987 5171 2011 5224; x_wconf 84' lang='grc' dir='ltr'><strong>Δ</strong></span> <span class='ocrx_word' id='word_1_620' title='bbox 2028 5177 2157 5238; x_wconf 78' lang='lat' dir='ltr'><strong>servatus,</strong></span> 
     </span>
     <span class='ocr_line' id='line_1_45' title="bbox 357 5256 2159 5338; baseline -0.002 -18"><span class='ocrx_word' id='word_1_621' title='bbox 357 5283 509 5336; x_wconf 81' lang='lat' dir='ltr'><strong>quanquam</strong></span> <span class='ocrx_word' id='word_1_622' title='bbox 528 5265 657 5322; x_wconf 79' lang='lat' dir='ltr'><strong>reflexiva</strong></span> <span class='ocrx_word' id='word_1_623' title='bbox 673 5268 746 5321; x_wconf 88' lang='lat' dir='ltr'><strong>notio</strong></span> <span class='ocrx_word' id='word_1_624' title='bbox 765 5281 819 5322; x_wconf 91' lang='lat' dir='ltr'><strong>non</strong></span> <span class='ocrx_word' id='word_1_625' title='bbox 835 5270 922 5320; x_wconf 80' lang='lat' dir='ltr'><strong>inest:</strong></span> <span class='ocrx_word' id='word_1_626' title='bbox 943 5257 997 5338; x_wconf 80' lang='grc' dir='ltr'><strong>μήτ’</strong></span> <span class='ocrx_word' id='word_1_627' title='bbox 1019 5259 1073 5335; x_wconf 75' lang='lat' dir='ltr'><strong>tud</strong></span> <span class='ocrx_word' id='word_1_628' title='bbox 1092 5257 1259 5336; x_wconf 78' lang='grc' dir='ltr'><strong>αῦτῦςΙμήτι</strong></span> <span class='ocrx_word' id='word_1_629' title='bbox 1276 5259 1435 5336; x_wconf 60' lang='lat' dir='ltr'><strong>monsieur</strong></span> <span class='ocrx_word' id='word_1_630' title='bbox 1451 5256 1542 5327; x_wconf 78' lang='grc' dir='ltr'><strong>πόδας</strong></span> <span class='ocrx_word' id='word_1_631' title='bbox 1559 5257 1766 5336; x_wconf 74' lang='grc' dir='ltr'><strong>ιἰιιέαςΙτρῦαῃς.</strong></span> <span class='ocrx_word' id='word_1_632' title='bbox 1793 5261 1849 5314; x_wconf 83' lang='lat' dir='ltr'><strong>Ubi</strong></span> <span class='ocrx_word' id='word_1_633' title='bbox 1867 5263 2032 5332; x_wconf 78' lang='lat' dir='ltr'><strong>atltsrgkim</strong></span> <span class='ocrx_word' id='word_1_634' title='bbox 2045 5269 2159 5318; x_wconf 71' lang='lat' dir='ltr'><strong>vtractore</strong></span> 
     </span>
    </p>
   </div>
   <div class='ocr_carea' id='block_1_4' title="bbox 1804 5347 1845 5412">
    <p class='ocr_par' dir='ltr' id='par_1_6' title="bbox 1804 5347 1845 5412">
     <span class='ocr_line' id='line_1_46' title="bbox 1804 5347 1845 5412; baseline 0 -36"><span class='ocrx_word' id='word_1_635' title='bbox 1804 5347 1845 5412; x_wconf 75' lang='lat'><strong>3.</strong></span> 
     </span>
    </p>
   </div>
   <div class='ocr_carea' id='block_1_5' title="bbox 0 0 2496 5908">
    <p class='ocr_par' dir='ltr' id='par_1_7' title="bbox 0 0 2496 5908">
     <span class='ocr_line' id='line_1_47' title="bbox 0 0 2496 5908; baseline 0 1"><span class='ocrx_word' id='word_1_636' title='bbox 0 0 2496 5908; x_wconf 95' lang='lat' dir='ltr'><strong> </strong></span> 
     </span>
    </p>
   </div>
  </div>
 </body>
</html>
