4984 5908
1228 533 1267 597 18

338 775 472 844 passum
499 760 551 820 est
578 747 833 838 8ομρ1ι.1,17,
860 765 968 834 neque
999 745 1171 833 quominus
1200 743 1276 812 hine
1305 743 1345 811 de
1375 743 1516 833 simplici
1541 745 1573 812 τί
1595 743 1796 832 judicemus,
1825 748 1961 833 gravius
1994 755 2151 815 accentus

337 853 465 948 pondus
489 857 608 940 obstat,
631 851 719 941 quod
741 854 775 918 in
796 845 1024 938 monosyllaba
1043 869 1127 914 voce
1150 845 1302 914 elidendo
1323 849 1432 936 perire
1453 869 1593 915 necasse
1616 855 1684 932 σοι,
1705 869 1781 913 narn
1804 851 1902 916 etiarn
1924 849 2155 938 monosyllaba

338 949 407 1026 υοιι
429 957 480 1046 σά,
508 959 566 1025 vix
594 957 701 1022 minus
731 955 854 1044 gravis,
882 952 1017 1020 elisione
1048 951 1198 1036 afficitur,
1228 961 1265 1016 ut
1286 951 1384 1019 Hom.
1406 949 1442 1017 11.
1468 951 1505 1035 Ζ,
1527 951 1600 1035 490,
1631 949 1695 1020 od.
1717 973 1748 1035 α,
1770 949 1841 1036 356,
1871 953 1899 1038 ξ,
1922 955 1993 1039 185,
2024 978 2058 1042 φ,
2079 948 2154 1024 350.

339 1063 425 1130 Tum
448 1061 607 1127 dialectus
629 1057 768 1126 Aeolica
788 1057 822 1122 in
844 1055 988 1123 elisionis
1010 1075 1074 1118 usu
1096 1054 1225 1118 omnino
1248 1053 1291 1119 ad
1311 1053 1448 1120 Latinae
1478 1053 1610 1140 linguae
1640 1053 1732 1140 leges
1754 1054 1801 1120 ita
1822 1055 1962 1142 accedit,
1991 1065 2027 1120 ut
2055 1055 2155 1124 etiam

341 1163 572 1252 diphthongos,
603 1183 684 1250 quas
714 1161 748 1226 in
768 1159 903 1247 reliquis
926 1155 1074 1222 dialectis
1097 1177 1162 1221 nou
1184 1155 1271 1240 licet,
1299 1165 1332 1222 et
1359 1157 1475 1242 longas
1502 1155 1634 1223 vocales
1664 1155 1741 1222 elidi
1769 1158 1922 1246 patiatur.
1972 1157 2074 1246 Cujus
2104 1159 2153 1224 rei

303 1247 307 1257 ¹
341 1269 482 1356 primum
505 1266 647 1332 certiora
668 1263 865 1330 documenta
887 1267 962 1326 suut
984 1259 1027 1344 ἔμ’
1054 1255 1138 1348 αύτρ
1153 1258 1225 1330 Alc.
1249 1259 1290 1324 tt
1312 1268 1346 1326 et
1366 1257 1410 1341 ἔμ’
1430 1255 1513 1348 αύτρ
1534 1257 1658 1347 Sapph.
1682 1260 1721 1325 15
1735 1259 1774 1329 Β.
1798 1267 1850 1343 l=
1863 1261 1997 1349 όμαυτῷ,
2012 1261 2152 1348 ἐμαυτῇ),

346 1393 430 1459 quae
452 1367 657 1457 Apollonius,
680 1365 895 1452 gravissimus
917 1371 1040 1448 auctor,
1063 1361 1105 1429 dc
1126 1383 1219 1450 pron.
1241 1383 1274 1450 p.
1297 1356 1358 1429 103
1381 1362 1413 1429 ἐν
1433 1363 1610 1452 παραθέσει
1630 1359 1685 1428 vel
1706 1363 1738 1430 ἐν
1759 1364 1908 1444 διαλύσει,
1928 1385 1995 1430 non
2017 1363 2153 1430 σύνθετα

344 1494 419 1542 esse
441 1480 588 1554 testetur,
617 1475 654 1535 ut
681 1473 841 1555 appareat
867 1465 968 1532 dativi
994 1465 1065 1550 ἔμοι
1086 1463 1324 1554 diphthongum
1354 1463 1468 1534 elisam
1482 1485 1570 1546 ,esse
1599 1473 1714 1530 contra
1736 1487 1832 1553 quam
1854 1467 1888 1531 in
1909 1466 1981 1532 aliis
2004 1463 2152 1532 dialectis

343 1576 431 1646 licet.
481 1575 526 1642 At
554 1574 642 1639 idem
663 1569 857 1658 Apollonius
888 1567 1044 1657 deinceps
1072 1569 1211 1635 Aeolica
1238 1568 1391 1658 exempla
1417 1569 1512 1636 affert
1536 1568 1737 1656 pronominis
1764 1567 1925 1654 reflexiri,
1954 1589 2038 1656 quae
2071 1591 2152 1636 vere

345 1677 484 1748 σύνθετα
507 1679 580 1761 sint,
603 1683 640 1740 ut
661 1673 777 1760 σαύτῳ,
799 1669 885 1738 unde
907 1671 1074 1760 Bergkius
1098 1672 1196 1738 etiam
1217 1671 1251 1735 in
1272 1669 1336 1737 illis
1357 1672 1438 1738 locis
1461 1671 1666 1760 grammatici
1687 1673 1879 1738 auctoritate
1912 1679 2024 1759 spreta
2044 1673 2152 1759 potius

344 1781 466 1868 ἐμαύτῳ
489 1776 590 1846 scribi
606 1777 707 1866 jussit
728 1783 762 1841 st
783 1773 904 1863 όμαύτᾳ
925 1774 1039 1845 edidit.
1081 1773 1263 1840 Audiamus
1286 1775 1499 1863 Apollonium,
1522 1774 1579 1862 qui
1600 1774 1752 1862 postilla
1775 1772 1819 1856 ἔμ’
1845 1772 1930 1864 αύτῳ
1952 1782 1986 1840 et
2007 1774 2050 1856 ἔμί
2070 1771 2154 1862 αύτρ

345 1882 444 1949 allata
463 1883 497 1947 in
519 1881 605 1946 hunc
626 1877 758 1945 modum
778 1879 903 1966 pergit:
930 1877 993 1944 ἀλλ’
1020 1875 1152 1962 ἐμάχετο
1178 1879 1215 1946 τό
1248 1880 1323 1946 νόω
1346 1875 1374 1943 δ’
1399 1877 1519 1942 luiso
1540 1877 1701 1958 πάμπαν
1723 1899 1856 1968 αερρει
1886 1876 1968 1962 (Alc.
1991 1877 2043 1959 18)
2071 1875 2152 1968 άπερ

345 1983 501 2068 ἀσύνηθες
532 1985 566 2051 ἐν
596 1981 748 2064 ἁπλότητι
780 1979 820 2062 μή
854 1978 923 2059 obri
952 1980 989 2048 τό
1017 1994 1033 2048 e
1062 1983 1321 2071 προσλαμβάνειν.
1368 1982 1421 2046 καλ
1447 1982 1494 2048 ἔτι
1519 1978 1637 2062 ὁμοίως
1665 1979 1754 2070 παρά
1782 1984 1826 2068 τῷ
1853 1978 1937 2068 αύτῷ
1961 1977 2099 2068 'hlauta
2122 1981 2154 2046 όν

347 2089 486 2176 ἔβδόμῳ·
526 2085 570 2154 σύ
603 2085 644 2153 δὲ
677 2101 805 2151 σαυτυ
836 2091 979 2166 τομάις
1011 2103 1078 2168 εση
1116 2085 1200 2165 (Alc.
1228 2083 1279 2166 87)
1317 2088 1411 2148 αλλα
1443 2099 1567 2149 σαντα
1604 2101 1766 2166 perarua
1797 2087 1897 2170 αβασ
1933 2099 2155 2174 προσποσιν

346 2189 429 2276 (Alc.
453 2189 538 2272 101).
585 2192 651 2268 πῶς
671 2185 732 2277 γάρ
753 2185 793 2252 τά
815 2191 949 2253 τοιαῦτα
970 2185 1106 2256 σύνθετα
1126 2192 1189 2255 τῶν
1217 2187 1349 2278 πρώτον
1375 2186 1407 2253 ἐν
1433 2185 1575 2252 διαλύσει
1595 2179 1709 2264 όντων;
1731 2187 1827 2267 δῆλον
1848 2175 1904 2252 σύν
1925 2185 1967 2266 ὡς
1988 2184 2154 2269 ἀνώμαλος

345 2293 365 2376 ἡ
394 2291 563 2376 άνάηνιοσις
588 2297 651 2358 τῶν
679 2290 812 2381 πρώτων
836 2286 920 2380 πρός
945 2288 985 2357 τά
1017 2291 1096 2374 ἑξῆς.
1149 2290 1189 2355 In
1220 2288 1271 2354 his
1303 2287 1469 2377 Berglsius
1502 2287 1545 2354 ad
1577 2287 1650 2354 Alc.
1675 2287 1715 2354 87
1749 2287 1905 2354 audacius
1937 2288 2041 2356 rerba
2065 2289 2155 2356 tertii

347 2393 522 2482 fragmenti
545 2393 622 2462 άλλά
646 2393 750 2461 σαύτυ
771 2392 905 2474 μετέχων
925 2387 1005 2478 όβας
1026 2401 1102 2482 post
1121 2393 1262 2481 primum
1282 2389 1502 2478 fragmentum
1522 2389 1765 2478 transponenda
1786 2401 1917 2478 censet;
1938 2399 2007 2456 tum
2022 2391 2154 2458 demum

347 2497 495 2584 intelligi,
522 2518 587 2584 quo
608 2497 684 2585 jure
712 2493 905 2583 Apollonius
933 2493 1024 2586 άπερ,
1049 2517 1115 2562 non
1142 2493 1222 2584 ὅπερ
1251 2493 1381 2564 dixerit.
1423 2495 1469 2560 At
1489 2491 1573 2584 άπερ
1602 2495 1711 2581 potius
1733 2501 1914 2582 θοινάματα
1934 2495 2058 2561 rariore
2079 2513 2152 2575 usu,

349 2600 407 2666 sed
438 2600 479 2665 ab
507 2597 674 2688 Apollonii
702 2598 845 2664 dictione
872 2619 938 2664 non
964 2597 1080 2684 alieno,
1110 2599 1201 2664 velut
1226 2619 1259 2684 p.
1281 2597 1332 2667 84.
1354 2597 1386 2663 A
1412 2595 1451 2663 τό
1477 2595 1537 2686 γάρ
1557 2601 1705 2664 τοιοῦτον
1730 2603 1787 2682 (sc.
1809 2620 1827 2662 ν
1847 2597 1905 2685 ἐρ.)
1934 2597 1967 2664 ἐν
1986 2602 2030 2685 τῷ
2057 2597 2154 2687 biuros

348 2705 402 2771 καὶ
422 2704 570 2788 λέγουσιν,
591 2699 672 2794 άπερ
694 2702 727 2792 όν
748 2699 1061 2791 βραχνκαταλήκτοις.
1102 2700 1212 2789 Junge
1234 2707 1345 2767 autem
1359 2700 1541 2768 secundum
1555 2697 1721 2786 Apollonii
1735 2699 2007 2768 cousuetudinem
2021 2699 2152 2783 ἐμάχετο

348 2805 386 2874 τό
409 2807 545 2887 iudeo,
574 2803 655 2892 άπερ
685 2801 841 2886 ἀσύνηθες
870 2801 1076 2889 δνάπλότητι
1103 2803 1144 2888 μή
1172 2803 1241 2884 cdxi
1267 2801 1305 2870 τό
1328 2816 1342 2870 e
1362 2793 1624 2894 προσλαμβάνειν·
1641 2809 1675 2867 et
1702 2800 1848 2891 intellige
1877 2802 1999 2888 ,ἓαύτω
2027 2803 2062 2868 iu
2089 2801 2152 2870 hoe

349 2911 465 2978 Alcaei
485 2909 559 2976 loco
582 2907 776 2974 adversatur
798 2905 959 2995 exemplis
981 2917 1079 2975 antea
1100 2903 1205 2973 allatis
1227 2905 1281 2996 (ἔμ
1301 2903 1392 2996 uduo,
1414 2905 1456 2988 ἔμ’
1477 2899 1582 2993 αόνῳ),
1605 2903 1726 2991 quippe
1750 2905 1843 2992 cujus
1866 2905 2008 2994 simplex
2023 2924 2153 2994 semper

349 3013 386 3082 τά
409 3025 424 3080 ἑ
445 3033 612 3079 assumere
635 3011 770 3080 soleat“.
812 3008 887 3076 Hoc
909 3011 1049 3098 simplex
1070 3010 1117 3096 (τό
1140 3007 1241 3078 induo
1262 3012 1294 3079 dr
1314 3007 1477 3098 ἁπλότητι)
1499 3016 1551 3073 est
1570 3025 1751 3095 pronomen
1771 2995 1823 3089 σός
1845 3009 1909 3076 tria
1930 3010 2016 3076 enim
2030 3028 2154 3097 genera

349 3115 568 3205 personalium
590 3113 821 3198 grammaticus
845 3113 1030 3200 distinguit:
1059 3113 1154 3181 τὰἐν
1183 3113 1336 3196 ἁπλότητι
1356 3119 1393 3176 ut
1421 3113 1498 3195 ἐμοί,
1526 3107 1567 3176 τά
1589 3109 1621 3175 ἐν
1641 3111 1877 3200 παραθέουσι
1897 3110 1970 3195 ἐμοὶ
1990 3109 2076 3200 αύτῷ
2096 3112 2152 3177 vel

350 3217 486 3285 Aeolica
509 3215 552 3301 ἔμ’
578 3215 673 3304 αύτῳ,
699 3214 740 3281 τά
769 3212 807 3282 ἐν
836 3217 981 3283 συνθέσει
1008 3223 1044 3281 ut
1065 3215 1200 3305 ἐμαυτῷ.
1242 3215 1317 3282 dam
1345 3233 1423 3280 vero
1451 3219 1589 3300 apparet
1607 3211 1664 3278 illa
1684 3213 1798 3300 verba,
1826 3221 1863 3283 ut
1882 3214 2044 3302 leguntur,
2073 3235 2153 3279 sano

351 3340 451 3390 sensu
472 3341 596 3389 carere.
639 3318 773 3406 Duplici
794 3325 903 3385 autem
924 3319 1053 3386 medela
1074 3327 1182 3406 egent,
1205 3317 1266 3386 sed
1289 3339 1329 3384 ea
1349 3317 1425 3383 levi.
1466 3315 1611 3380 Primum
1630 3313 1748 3383 Alcaei
1768 3316 1874 3385 rerba
1894 3339 1946 3384 me
1967 3319 2040 3406 ipso
2060 3336 2155 3406 prae·

351 3434 448 3492 eunte
470 3445 556 3488 nunc
578 3421 732 3510 leguntur
751 3421 825 3488 νόον
846 3421 882 3488 δὲ
902 3419 1006 3502 fodro
1026 3421 1157 3505 πάμπαν
1184 3419 1300 3512 άόρρει.
1343 3419 1418 3484 Non
1446 3416 1611 3484 difficilius
1632 3417 1796 3486 scribetur
1816 3422 1878 3511 νόῳ
1901 3421 1937 3488 δύ
1959 3425 2074 3505 fuisos
2098 3419 2154 3488 vel

350 3527 472 3594 rectius
495 3526 675 3592 secundum
696 3521 863 3612 Apollonii
893 3533 1036 3591 mentem
1063 3525 1124 3615 νόῳ
1146 3524 1173 3592 δ’
1198 3525 1310 3592 iceras
1330 3519 1461 3605 πάμπαν
1479 3519 1592 3611 άόρρει
1617 3522 1838 3609 „cogitatione
1861 3545 1897 3592 se
1920 3523 2045 3594 effert‘.
2086 3523 2170 3590 Do-'

351 3627 427 3694 inde
449 3626 487 3695 τό
510 3641 524 3695 e
543 3628 734 3694 mutandum
757 3635 809 3694 est
829 3629 863 3693 in
883 3625 920 3694 τό
943 3635 971 3714 f,
1000 3648 1085 3714 quae
1111 3629 1220 3694 littera
1237 3625 1344 3692 solito
1375 3645 1485 3691 errore
1509 3631 1664 3711 corrupta
1685 3633 1746 3691 est
1790 3624 2030 3692 Grammaticus
2052 3625 2153 3714 igitur

351 3731 471 3816 δαντον,
504 3730 592 3819 quod
621 3732 654 3796 in
681 3729 796 3798 codice
823 3751 883 3796 suo
909 3731 1089 3816 invenerat,
1117 3729 1198 3796 dicit
1223 3751 1288 3795 non
1318 3747 1416 3816 posse
1445 3727 1478 3794 ἐν
1506 3727 1684 3816 παραθέσει
1712 3728 1813 3794 scribi
1834 3728 1849 3794 i
1871 3717 1976 3815 αύτον,
2002 3737 2040 3797 ut
2065 3727 2152 3816 apud

351 3833 531 3900 Homerum
560 3841 636 3899 sunt
663 3833 678 3899 i
700 3831 797 3900 αὐτόν
826 3829 890 3900 Οά.
910 3836 945 3918 θ,
966 3831 1039 3900 886.
1061 3855 1090 3923 ρ,
1112 3831 1174 3898 387
1204 3839 1237 3898 et
1264 3829 1398 3914 ἓαύτήν
1425 3828 1460 3900 11.
1484 3829 1614 3916 ΙΞ,162.
1641 3833 1672 3915 Ρ,
1692 3829 1753 3896 551
1785 3831 1884 3920 (quae
1914 3832 2036 3899 rectius
2063 3830 2153 3898 hiatu

353 3935 481 4002 sublato
503 3935 679 4003 scribenda
699 3935 817 4002 suuti'
843 3932 940 4002 αύτόν
961 3942 994 4006 et
1016 3933 1036 4000 δ’
1063 3933 1168 4020 αύτήν,
1189 3942 1226 4000 ut
1246 3933 1375 4022 plenior
1394 3933 1499 4000 forma
1523 3932 1555 3999 δά
1576 3933 1745 4002 elisionem
1766 3955 1866 4024 passa
1886 3936 1953 4020 sit),
1982 3935 2059 4023 quia
2079 3935 2153 3999 sim-

351 4027 431 4127 plerr
453 4039 467 4108 h
489 4039 578 4127 apud
597 4038 756 4105 Alcaeum
778 4037 943 4125 digamma
963 4059 1076 4104 carere
1097 4057 1163 4104 non
1183 4037 1298 4125 possit.
1339 4035 1450 4125 Aegre
1473 4045 1583 4103 tamen
1604 4037 1699 4105 nohis
1720 4036 1968 4126 persuademus,
1996 4037 2153 4124 antiquio·

352 4161 405 4208 res
428 4142 549 4208 Aeoles
571 4144 605 4206 in
626 4141 766 4230 simplici
786 4143 977 4230 pronomine
999 4142 1115 4208 tertiae
1137 4161 1297 4228 personae
1320 4139 1476 4227 digammi
1496 4141 1724 4207 tenacissimos
1745 4142 1779 4205 in
1799 4139 1960 4208 reflexivo
1974 4139 2051 4208 luda
2067 4158 2153 4205 com·

352 4245 459 4332 posito
483 4243 623 4312 eandem
643 4245 784 4312 litteram
804 4245 1012 4333 neglexiss03
1035 4265 1137 4332 quare
1160 4265 1200 4310 eo
1221 4242 1405 4309 inducimur
1424 4249 1461 4308 ut
1481 4241 1695 4330 suspicemur,
1717 4245 1892 4313 lectionem
1915 4244 1957 4312 ab
1978 4241 2152 4330 Apollonio

352 4349 520 4414 inventam
540 4346 617 4414 inde
639 4355 749 4413 natam
771 4369 855 4433 esse,
879 4345 967 4434 quod
989 4347 1215 4435 antiquissima
1235 4346 1413 4434 scriptione
1434 4345 1635 4412 tueamur(
1655 4346 1745 4415 facili
1766 4369 1879 4415 errore
1898 4347 1933 4414 in
1954 4347 2153 4414 ΔΕΕΔΥΤΟΝ

354 4457 508 4538 corrupta
529 4473 549 4516 a
569 4451 752 4518 recentiore
774 4449 906 4518 librario
927 4449 1018 4536 prius
1040 4453 1064 4516 11
1083 4450 1118 4514 in
1146 4447 1281 4516 elisione
1310 4451 1466 4514 omissum
1488 4458 1586 4534 esset,
1614 4471 1714 4538 quum
1739 4457 1870 4518 vetusto
1891 4471 1982 4517 more
2003 4447 2153 4516 relictum

354 4575 428 4619 esse
450 4553 627 4623 rideretur.
669 4551 744 4620 Jam
770 4550 870 4640 igitur
890 4551 1128 4618 restituendum
1150 4559 1202 4619 est
1223 4553 1259 4619 δὲ
1278 4539 1395 4638 fuisos
1415 4549 1470 4618 vel
1497 4553 1607 4639 potius
1630 4549 1803 4642 compositi
1822 4551 2032 4642 praeferendi
2054 4571 2155 4620 causa

353 4663 478 4724 remote
499 4657 534 4723 δὲ
555 4655 586 4742 f'
613 4643 718 4740 αύτον,
745 4663 782 4720 nt
803 4653 891 4742 apud
912 4655 1090 4722 Homerum
1117 4663 1168 4722 est
1190 4652 1216 4723 ό
1242 4653 1338 4723 αύτόν
1362 4655 1400 4752 11
1423 4658 1460 4739 K,
1480 4655 1552 4722 389.
1574 4659 1612 4741 X,
1632 4656 1707 4723 351.
1729 4657 1793 4727 Od.
1816 4682 1837 4744 ι,
1857 4657 1930 4726 406.
1951 4677 1979 4741 τ,
2001 4655 2073 4726 288.
2115 4658 2153 4722 In

355 4759 501 4826 secundo
528 4757 643 4825 Alcaei
671 4759 744 4824 loco
770 4759 809 4827 fr.
831 4759 871 4824 81
900 4765 990 4825 reete
1018 4757 1147 4824 dativus
1176 4757 1327 4826 reflexivi
1356 4758 1461 4824 editus
1492 4767 1543 4826 est
1568 4759 1632 4845 „od
1654 4761 1691 4827 δὲ
1711 4761 1817 4852 σαύτρ
1842 4759 1955 4844 ιομύας
1983 4761 2065 4845 ἔση“
2086 4759 2155 4848 (vel

354 4862 456 4950 ἔσσῃ),
483 4883 567 4948 quae
597 4859 744 4926 alludunt
770 4860 812 4926 ad
834 4859 1036 4927 Hesiodeum
1063 4862 1095 4930 δν
1120 4859 1147 4928 δ’
1173 4857 1257 4951 αύτρ
1283 4865 1396 4946 ταμλης
1423 4863 1565 4944 θανάτου
1595 4885 1647 4952 ap.
1674 4862 1783 4951 Apoll.
1806 4862 1848 4930 de
1869 4885 1918 4950 pr.
1942 4863 2012 4933 106.
2033 4864 2075 4934 A.
2118 4865 2152 4928 ln

353 4967 450 5031 tertio
470 4963 544 5032 loco
566 4962 638 5029 Alc.
656 4964 714 5028 101
738 4963 904 5051 Berglrius
925 4964 1079 5050 praetulit
1099 4965 1279 5052 genitivum
1301 4963 1399 5052 „orm
1422 4965 1525 5032 σαύτα
1547 4967 1680 5049 μετόχων
1700 4964 1780 5055 άβας
1803 4969 1894 5058 [πρὸς
1913 4963 2049 5054 πόσιν]“,
2071 4963 2152 5030 haec

354 5067 476 5152 ultima,
499 5075 655 5152 utsupra
677 5065 809 5151 dictum,
832 5067 874 5132 ad
895 5067 934 5137 fr.
949 5067 990 5133 87
1012 5066 1155 5137 trahens.
1190 5067 1298 5136 Locus
1320 5076 1430 5136 umen
1450 5070 1498 5136 ita
1518 5067 1648 5137 habitus
1670 5073 1784 5160 estu),
1806 5077 1843 5137 ut
1864 5068 1905 5136 de
1927 5084 2008 5137 essu
2029 5063 2152 5154 aliquid

465 5281 509 5356 18)
529 5285 671 5360 3111911011
697 5277 765 5342 &ml
781 5280 891 5362 scorp}
908 5279 975 5364 Ρὲῖύ
996 5283 1064 5357 3th
1081 5277 1151 5358 ὄβας
1169 5281 1302 5365 πρόποσιν
1321 5284 1476 5362 [σιύηησονΙ.
1506 5289 1574 5346 ooo.
1592 5307 1707 5366 μιτιχον
1725 5295 1753 5344 et
1770 5301 1928 5364 προσποσιν,
1953 5301 2062 5361 quorum
2081 5281 2150 5338 illud
